2486 3948
217 223 329 280 ursus
346 224 395 280 un
413 223 683 281 nummomaos
702 222 932 280 oesrsouon.
1040 220 1085 290 33

4 417 6 478 ᾗ
49 390 240 455 incurrent.
284 386 355 454 Neo
376 388 452 472 plus
475 410 514 453 ex
536 389 584 455 eis
607 387 721 454 deduci
743 386 854 471 debet,
877 409 974 472 quam
996 388 1084 474 pedi·

4 531 6 536 .
48 482 154 543 tatae
177 477 413 562 quingenariae
436 497 532 562 snper
554 477 705 543 eohortes
734 476 872 560 primas,
895 479 941 560 et,
965 476 993 542 si
1017 498 1084 542 am-

49 567 150 651 plius
175 569 364 651 supersunt,
386 570 424 631 ut
445 587 505 632 neo
528 565 667 652 strigam
686 565 845 650 expleant,
868 585 999 630 neeesse
1023 567 1085 631 erit

52 675 122 740 per
147 655 292 740 reliquas
311 655 441 741 strigas,
463 658 501 720 ut
519 655 595 739 dixi,
617 655 721 720 artius
740 653 883 719 tendant.
918 650 1084 738 Similiter,

3 815 4 818 Ἴ
52 748 98 809 ut
121 742 232 808 laxius
254 742 399 826 tendant,
422 743 571 827 eifioitur,
589 743 740 828 quotiens
762 741 909 826 reliquus
929 752 1110 808 numerus⁵

55 831 227 916 convenit,
250 833 256 912 Ι
280 852 322 897 ne
343 832 446 898 totius
470 832 658 898 metationis
681 832 761 898 ordo
783 831 948 915 turbetur3
978 834 1181 916 etue-aab,

3 997 5 1000 ¹
54 923 216 985 tenturos
247 940 306 1003 per
332 921 452 1006 strigas
480 919 609 1004 aequali
639 941 775 986 numero
802 920 909 985 laxius
936 920 1084 1006 tendunt,

55 1011 251 1074 retenturae
273 1029 409 1076 numero
433 1012 633 1094 computato,
659 1013 698 1074 ut
720 1009 755 1073 in
777 1010 989 1092 praetentum
1011 1029 1085 1074 oon-

55 1097 200 1163 reniret
250 1096 304 1162 41.
327 1096 451 1174 Quodsi
474 1097 579 1164 adhue
601 1098 743 1182 amplius
773 1116 830 1161 seu
853 1096 961 1163 minus
985 1119 1084 1181 quam

2 1217 3 1224 ¹
58 1183 269 1252 ostendimus
293 1186 520 1271 supplementa
536 1186 624 1267 ,data
650 1186 803 1269 fluissent,
835 1186 948 1257 omnia
969 1186 1125 1252 imma-10

59 1277 216 1341 tarentum
238 1277 272 1340 et
294 1274 445 1340 cohortes
468 1276 555 1341 oiroa
576 1275 699 1342 vallum
721 1275 818 1341 aliter
840 1275 1019 1341 tenderent.

153 1362 209 1430 42.
240 1360 336 1428 Nono
357 1367 542 1430 retenturas
564 1364 702 1430 diximus
725 1362 831 1448 partis
854 1362 1007 1428 dimidiae
1029 1385 1086 1429 nu·

60 1471 192 1516 merum
210 1450 259 1517 VI
278 1450 370 1516 milia
387 1449 572 1520 Doedxx.
609 1451 771 1529 Quoniam
794 1453 846 1515 est
867 1450 1009 1516 latitudo
1027 1449 1085 1518 Do

62 1539 196 1624 pedum,
218 1538 322 1623 video,
345 1545 425 1625 quot
448 1541 647 1627 semistrigia
669 1559 740 1604 esse
762 1539 904 1623 possint3
931 1545 968 1610 ut
990 1561 1085 1625 nune,

1 1635 2 1655 ¹
61 1630 162 1694 erunt
183 1627 294 1693 deoem
317 1631 351 1694 et
373 1632 513 1716 septem,
542 1633 576 1694 et
599 1628 786 1713 quaestorio
814 1627 973 1712 pedatura
996 1629 1125 1694 susti-1⁵

63 1718 155 1782 siens
179 1714 249 1781 deri
271 1717 386 1802 possit
407 1722 412 1796 Ι
433 1715 532 1784 Sumo
555 1718 666 1802 itaque
688 1717 815 1781 numeri
832 1721 960 1801 partem
979 1715 1085 1802 XVII,
1096 1735 1179 1802 lesa,

1 1829 2 1850 ³
63 1810 147 1891 quot
166 1805 364 1892 semistrigia
383 1827 454 1872 esse
474 1805 624 1891 diximus,
642 1806 681 1871 fit
700 1801 823 1871 0000:
846 1807 909 1871 erit
931 1828 1085 1873 numerus

62 1893 218 1960 militum.
267 1894 412 1961 Tendere
435 1895 600 1961 debebunt
626 1916 686 1979 per
713 1893 857 1960 semistri
884 1895 948 1959 'um
975 1915 1085 1979 unum,

62 1983 195 2048 adiecta
213 1983 328 2066 quinta
345 1984 463 2068 pedum
477 1983 611 2049 LXXX:
634 1983 717 2046 fiunt
733 1980 831 2066 pedes
903 1979 1084 2067 OOLXXX,

63 2071 151 2136 unde
174 2069 322 2155 efficitur,
345 2075 382 2136 ut
404 2071 486 2137 duae
509 2071 659 2138 cohortes
681 2071 785 2136 lutere
807 2073 992 2137 retenturas
1014 2074 1084 2137 ten·
1099 2087 1126 2128 ²⁰

63 2159 155 2224 daut.
199 2158 253 2224 43.
276 2157 581 2244 Supernumererios
609 2163 643 2226 et
670 2160 812 2245 reliquas
834 2160 985 2226 nationes
1009 2182 1087 2244 quo·

63 2248 152 2314 tiens
174 2269 234 2331 per
257 2249 378 2334 striges
401 2249 641 2334 distribuimus,
663 2269 731 2315 non
752 2248 826 2333 plus
850 2269 948 2333 quam
970 2249 1085 2333 triper-

63 2335 123 2400 titi
147 2356 217 2401 esse
240 2335 405 2404 debebunt
432 2359 492 2404 neo
518 2339 616 2423 longe
639 2338 891 2421 abalterutrum,
913 2341 963 2422 ut,
986 2358 1086 2403 unam

63 2428 224 2490 tesseram
248 2446 306 2491 suo
329 2426 488 2492 vocabulo
512 2427 676 2492 citationis
704 2425 848 2491 audiant.
894 2423 1086 2492 Observati-

62 2534 139 2578 mus
161 2513 287 2599 primae
311 2515 435 2600 strigae
462 2515 566 2600 signis
593 2513 681 2578 idem
710 2512 891 2596 adsignari,
921 2514 1006 2596 quod
1035 2535 1086 2580 oo
1100 2527 1127 2569 2⁶

63 2601 155 2667 horti
176 2602 311 2690 primae,
332 2607 370 2668 ut
391 2603 463 2668 viee
484 2601 660 2667 vicinarioe
680 2605 686 2679 Ι
705 2602 904 2686 pereurrant.
1088 2619 1172 2688 ress,

66 2758 227 2829 npeditate
286 2757 458 2814 econvertit
474 2773 527 2813 neo
546 2757 678 2816 cormaiot
751 2756 938 2811 F(retenturos
953 2756 1087 2814 condeto

103 2834 251 2884 enumera
266 2831 450 2901 conputatum
504 2827 713 2886 eoonrenirent
763 2832 797 2882 10
807 2823 1055 2897 supplimentenda

139 2913 153 2942 ὓ

66 2950 146 3006 omni
161 2951 374 3007 immutabuntur
446 2953 599 3010 llballum
670 2950 785 3006 tendere
859 2955 892 3004 11
906 2951 1049 3008 retentare

67 3022 228 3092 1aprov1
245 3021 326 3077 milia
343 3022 489 3079 Dcocxx
506 3031 545 3081 est
562 3026 595 3080 in
612 3023 640 3077 A
659 3020 707 3076 Dc
730 3019 898 3078 DGGOOXX
916 3022 1049 3078 arasa

65 3092 188 3162 latitudo
197 3091 254 3162 DC,
272 3095 438 3165 stapedum
494 3102 528 3151 14
542 3095 618 3164 quod
636 3091 811 3164 semistrigis
866 3098 899 3147 15
913 3092 969 3146 erit
987 3091 1087 3146 decem-

66 3163 173 3236 septies
204 3164 329 3222 cormaiot
401 3165 570 3220 losuffioies
589 3165 655 3219 dare
677 3161 927 3234 pensaurensi
1004 3169 1084 3217 sumo

102 3236 213 3318 partem
230 3235 296 3291 xvl
315 3251 383 3292 corr.
394 3235 447 3292 sm
520 3241 554 3291 11
568 3235 644 3304 quod
657 3232 832 3304 aemistrigia
884 3236 917 3286 18
931 3247 982 3302 per
999 3233 1085 3288 semi-

68 3305 199 3376 stngium
254 3305 430 3376 lequinium
485 3303 626 3362 OOOOXX
643 3304 777 3361 eoradct
830 3308 865 3358 10
880 3303 912 3356 ut
930 3309 995 3360 ante
1013 3303 1085 3358 duae

68 3393 119 3434 om.
129 3377 167 3446 A,
186 3377 350 3436 (11111118σῆ
398 3382 432 3432 11
447 3389 562 3488 spmma
574 3374 694 3433 aterius
748 3381 782 3432 13
796 3390 832 3430 ne
850 3374 935 3444 longe
990 3373 1085 3428 unam

439 3459 456 3489 E
897 3457 924 3488 10

68 3501 325 3559 asseramus
359 3506 394 3556 14
402 3498 526 3572 pabeant
561 3505 595 3556 11
606 3498 707 3554 cohors
720 3496 828 3568 primas
878 3496 908 3551 ri
925 3497 1085 3554 vicenariae
1127 3513 1132 3518 ·

887 3586 925 3642 3⁸
