<?xml version="1.0" encoding="UTF-8"?>
<!DOCTYPE html PUBLIC "-//W3C//DTD XHTML 1.0 Transitional//EN"
    "http://www.w3.org/TR/xhtml1/DTD/xhtml1-transitional.dtd">
<html xmlns="http://www.w3.org/1999/xhtml" xml:lang="en" lang="en">
 <head>
  <title>
</title>
<meta http-equiv="Content-Type" content="text/html;charset=utf-8" />
  <meta name='ocr-system' content='tesseract 3.04.00' />
  <meta name='ocr-capabilities' content='ocr_page ocr_carea ocr_par ocr_line ocrx_word'/>
</head>
<body>
  <div class='ocr_page' id='page_1' title='image "./hyginigromatici02gemogoog_0015.png"; bbox 0 0 2486 3948; ppageno 0'>
   <div class='ocr_carea' id='block_1_1' title="bbox 479 223 1096 315">
    <p class='ocr_par' dir='ltr' id='par_1_1' title="bbox 479 223 1096 315">
     <span class='ocr_line' id='line_1_1' title="bbox 479 223 1096 315; baseline 0.005 -13"><span class='ocrx_word' id='word_1_1' title='bbox 479 223 697 306; x_wconf 74' lang='lat' dir='ltr'><strong>rnnsnnnr&#39;o.</strong></span> <span class='ocrx_word' id='word_1_2' title='bbox 1078 245 1096 315; x_wconf 80' lang='lat' dir='ltr'><strong>r</strong></span> 
     </span>
    </p>
   </div>
   <div class='ocr_carea' id='block_1_2' title="bbox 0 408 1099 3602">
    <p class='ocr_par' dir='ltr' id='par_1_2' title="bbox 0 408 1099 1296">
     <span class='ocr_line' id='line_1_2' title="bbox 75 408 1099 499; baseline 0.006 -24"><span class='ocrx_word' id='word_1_3' title='bbox 75 415 186 476; x_wconf 76' lang='lat' dir='ltr'><strong>natur.</strong></span> <span class='ocrx_word' id='word_1_4' title='bbox 231 410 270 476; x_wconf 80' lang='lat' dir='ltr'><strong>Id</strong></span> <span class='ocrx_word' id='word_1_5' title='bbox 298 411 483 497; x_wconf 79' lang='lat' dir='ltr'><strong>significant</strong></span> <span class='ocrx_word' id='word_1_6' title='bbox 514 408 627 497; x_wconf 81' lang='lat' dir='ltr'><strong>verbo&#39;,</strong></span> <span class='ocrx_word' id='word_1_7' title='bbox 659 433 741 498; x_wconf 87' lang='lat' dir='ltr'><strong>quae</strong></span> <span class='ocrx_word' id='word_1_8' title='bbox 770 417 846 478; x_wconf 88' lang='lat' dir='ltr'><strong>sunt</strong></span> <span class='ocrx_word' id='word_1_9' title='bbox 874 413 970 499; x_wconf 73' lang='lat' dir='ltr'><strong>‘quod</strong></span> <span class='ocrx_word' id='word_1_10' title='bbox 998 415 1099 482; x_wconf 75' lang='lat' dir='ltr'><strong>tuerit</strong></span> 
     </span>
     <span class='ocr_line' id='line_1_3' title="bbox 77 497 1098 587; baseline 0.003 -21"><span class='ocrx_word' id='word_1_11' title='bbox 77 501 194 584; x_wconf 84' lang='lat' dir='ltr'><strong>signis,</strong></span> <span class='ocrx_word' id='word_1_12' title='bbox 216 500 366 566; x_wconf 82' lang='lat' dir='ltr'><strong>tabulino</strong></span> <span class='ocrx_word' id='word_1_13' title='bbox 389 499 472 566; x_wconf 81' lang='lat' dir='ltr'><strong>erit&#39;s.</strong></span> <span class='ocrx_word' id='word_1_14' title='bbox 514 497 597 566; x_wconf 75' lang='lat' dir='ltr'><strong>Tum</strong></span> <span class='ocrx_word' id='word_1_15' title='bbox 620 523 661 566; x_wconf 90' lang='lat' dir='ltr'><strong>ne</strong></span> <span class='ocrx_word' id='word_1_16' title='bbox 684 503 767 566; x_wconf 87' lang='lat' dir='ltr'><strong>ratio</strong></span> <span class='ocrx_word' id='word_1_17' title='bbox 790 501 968 587; x_wconf 72' lang='lat' dir='ltr'><strong>pedaturae</strong></span> <span class='ocrx_word' id='word_1_18' title='bbox 988 504 1098 569; x_wconf 84' lang='lat' dir='ltr'><strong>torbe-</strong></span> 
     </span>
     <span class='ocr_line' id='line_1_4' title="bbox 75 589 1098 677; baseline 0.004 -23"><span class='ocrx_word' id='word_1_19' title='bbox 75 593 143 673; x_wconf 85' lang='lat' dir='ltr'><strong>tur,</strong></span> <span class='ocrx_word' id='word_1_20' title='bbox 168 589 371 672; x_wconf 82' lang='lat' dir='ltr'><strong>semistrigia</strong></span> <span class='ocrx_word' id='word_1_21' title='bbox 385 593 562 673; x_wconf 79' lang='lat' dir='ltr'><strong>mutantur,</strong></span> <span class='ocrx_word' id='word_1_22' title='bbox 585 591 646 656; x_wconf 86' lang='lat' dir='ltr'><strong>hoo</strong></span> <span class='ocrx_word' id='word_1_23' title='bbox 666 595 717 656; x_wconf 83' lang='lat' dir='ltr'><strong>eet</strong></span> <span class='ocrx_word' id='word_1_24' title='bbox 734 591 865 656; x_wconf 85' lang='lat' dir='ltr'><strong>brevius</strong></span> <span class='ocrx_word' id='word_1_25' title='bbox 886 593 1098 677; x_wconf 80' lang='lat' dir='ltr'><strong>semistrigio·</strong></span> 
     </span>
     <span class='ocr_line' id='line_1_5' title="bbox 74 677 1098 766; baseline 0.006 -25"><span class='ocrx_word' id='word_1_26' title='bbox 74 697 152 742; x_wconf 83' lang='lat' dir='ltr'><strong>rum</strong></span> <span class='ocrx_word' id='word_1_27' title='bbox 176 677 263 742; x_wconf 87' lang='lat' dir='ltr'><strong>latus</strong></span> <span class='ocrx_word' id='word_1_28' title='bbox 287 677 359 743; x_wconf 88' lang='lat' dir='ltr'><strong>loao</strong></span> <span class='ocrx_word' id='word_1_29' title='bbox 382 679 541 762; x_wconf 76' lang='lat' dir='ltr'><strong>longioris</strong></span> <span class='ocrx_word' id='word_1_30' title='bbox 560 679 700 762; x_wconf 86' lang='lat' dir='ltr'><strong>ponitur.</strong></span> <span class='ocrx_word' id='word_1_31' title='bbox 732 679 869 745; x_wconf 85' lang='lat' dir='ltr'><strong>Minime</strong></span> <span class='ocrx_word' id='word_1_32' title='bbox 889 681 997 765; x_wconf 83' lang='lat' dir='ltr'><strong>igitur·</strong></span> <span class='ocrx_word' id='word_1_33' title='bbox 1015 700 1098 766; x_wconf 88' lang='lat' dir='ltr'><strong>opus</strong></span> 
     </span>
     <span class='ocr_line' id='line_1_6' title="bbox 75 765 1098 854; baseline 0.004 -23"><span class='ocrx_word' id='word_1_34' title='bbox 75 770 131 831; x_wconf 83' lang='lat' dir='ltr'><strong>est</strong></span> <span class='ocrx_word' id='word_1_35' title='bbox 155 784 228 830; x_wconf 87' lang='lat' dir='ltr'><strong>enm</strong></span> <span class='ocrx_word' id='word_1_36' title='bbox 251 765 377 850; x_wconf 87' lang='lat' dir='ltr'><strong>Langlo</strong></span> <span class='ocrx_word' id='word_1_37' title='bbox 400 767 505 832; x_wconf 81' lang='lat' dir='ltr'><strong>textui</strong></span> <span class='ocrx_word' id='word_1_38' title='bbox 528 767 670 834; x_wconf 83' lang='lat' dir='ltr'><strong>inserere</strong></span> <span class='ocrx_word' id='word_1_39' title='bbox 698 767 796 854; x_wconf 73' lang='lat' dir='ltr'><strong>‘quod</strong></span> <span class='ocrx_word' id='word_1_40' title='bbox 818 769 919 834; x_wconf 83' lang='lat' dir='ltr'><strong>tuerit</strong></span> <span class='ocrx_word' id='word_1_41' title='bbox 940 769 1098 854; x_wconf 82' lang='lat' dir='ltr'><strong>tabulino,</strong></span> 
     </span>
     <span class='ocr_line' id='line_1_7' title="bbox 75 853 1098 944; baseline 0.004 -24"><span class='ocrx_word' id='word_1_42' title='bbox 75 857 142 920; x_wconf 88' lang='lat' dir='ltr'><strong>erit</strong></span> <span class='ocrx_word' id='word_1_43' title='bbox 166 853 290 940; x_wconf 52' lang='lat' dir='ltr'><strong>signis&amp;</strong></span> <span class='ocrx_word' id='word_1_44' title='bbox 335 855 385 920; x_wconf 89' lang='lat' dir='ltr'><strong>De</strong></span> <span class='ocrx_word' id='word_1_45' title='bbox 410 856 559 921; x_wconf 81' lang='lat' dir='ltr'><strong>tabulino</strong></span> <span class='ocrx_word' id='word_1_46' title='bbox 588 859 622 921; x_wconf 88' lang='lat' dir='ltr'><strong>et</strong></span> <span class='ocrx_word' id='word_1_47' title='bbox 649 857 751 942; x_wconf 82' lang='lat' dir='ltr'><strong>signis</strong></span> <span class='ocrx_word' id='word_1_48' title='bbox 778 879 845 923; x_wconf 91' lang='lat' dir='ltr'><strong>non</strong></span> <span class='ocrx_word' id='word_1_49' title='bbox 873 859 914 924; x_wconf 88' lang='lat' dir='ltr'><strong>ad</strong></span> <span class='ocrx_word' id='word_1_50' title='bbox 936 858 1098 944; x_wconf 79' lang='lat' dir='ltr'><strong>Largium</strong></span> 
     </span>
     <span class='ocr_line' id='line_1_8' title="bbox 74 943 1099 1031; baseline 0.005 -23"><span class='ocrx_word' id='word_1_51' title='bbox 74 958 292 1028; x_wconf 80' lang='lat' dir='ltr'><strong>resurremus,</strong></span> <span class='ocrx_word' id='word_1_52' title='bbox 317 944 377 1009; x_wconf 86' lang='lat' dir='ltr'><strong>sed</strong></span> <span class='ocrx_word' id='word_1_53' title='bbox 398 944 439 1009; x_wconf 83' lang='lat' dir='ltr'><strong>ad</strong></span> <span class='ocrx_word' id='word_1_54' title='bbox 457 943 582 1031; x_wconf 81' lang='lat' dir='ltr'><strong>Hygini</strong></span> <span class='ocrx_word' id='word_1_55' title='bbox 606 945 686 1012; x_wconf 84' lang='lat' dir='ltr'><strong>satis</strong></span> <span class='ocrx_word' id='word_1_56' title='bbox 710 947 797 1012; x_wconf 85' lang='lat' dir='ltr'><strong>alara</strong></span> <span class='ocrx_word' id='word_1_57' title='bbox 819 945 932 1012; x_wconf 77' lang='lat' dir='ltr'><strong>rerba:</strong></span> <span class='ocrx_word' id='word_1_58' title='bbox 957 952 1099 1013; x_wconf 85' lang='lat' dir='ltr'><strong>statuen-</strong></span> 
     </span>
     <span class='ocr_line' id='line_1_9' title="bbox 75 1031 1098 1120; baseline 0.004 -23"><span class='ocrx_word' id='word_1_59' title='bbox 75 1033 158 1098; x_wconf 84' lang='lat' dir='ltr'><strong>dam</strong></span> <span class='ocrx_word' id='word_1_60' title='bbox 181 1037 244 1115; x_wconf 85' lang='lat' dir='ltr'><strong>est,</strong></span> <span class='ocrx_word' id='word_1_61' title='bbox 275 1033 370 1117; x_wconf 85' lang='lat' dir='ltr'><strong>signa-</strong></span> <span class='ocrx_word' id='word_1_62' title='bbox 392 1049 508 1098; x_wconf 82' lang='lat' dir='ltr'><strong>roeare</strong></span> <span class='ocrx_word' id='word_1_63' title='bbox 531 1031 703 1118; x_wconf 78' lang='lat' dir='ltr'><strong>Hyginum</strong></span> <span class='ocrx_word' id='word_1_64' title='bbox 726 1033 857 1120; x_wconf 87' lang='lat' dir='ltr'><strong>longius</strong></span> <span class='ocrx_word' id='word_1_65' title='bbox 886 1037 1098 1120; x_wconf 83' lang='lat' dir='ltr'><strong>semistrigio-</strong></span> 
     </span>
     <span class='ocr_line' id='line_1_10' title="bbox 74 1121 1097 1209; baseline 0.005 -24"><span class='ocrx_word' id='word_1_66' title='bbox 74 1141 152 1186; x_wconf 86' lang='lat' dir='ltr'><strong>rnm</strong></span> <span class='ocrx_word' id='word_1_67' title='bbox 179 1121 280 1201; x_wconf 85' lang='lat' dir='ltr'><strong>latus,</strong></span> <span class='ocrx_word' id='word_1_68' title='bbox 311 1122 495 1186; x_wconf 76' lang='lat' dir='ltr'><strong>tabulinu&#39;m</strong></span> <span class='ocrx_word' id='word_1_69' title='bbox 522 1121 666 1207; x_wconf 72' lang='lat' dir='ltr'><strong>brevius,</strong></span> <span class='ocrx_word' id='word_1_70' title='bbox 702 1123 735 1188; x_wconf 86' lang='lat' dir='ltr'><strong>id</strong></span> <span class='ocrx_word' id='word_1_71' title='bbox 763 1125 849 1209; x_wconf 88' lang='lat' dir='ltr'><strong>quod</strong></span> <span class='ocrx_word' id='word_1_72' title='bbox 876 1125 969 1189; x_wconf 91' lang='lat' dir='ltr'><strong>nullo</strong></span> <span class='ocrx_word' id='word_1_73' title='bbox 996 1125 1097 1190; x_wconf 84' lang='lat' dir='ltr'><strong>totius</strong></span> 
     </span>
     <span class='ocr_line' id='line_1_11' title="bbox 0 1207 491 1296; baseline -0.002 -22"><span class='ocrx_word' id='word_1_74' title='bbox 0 1240 1 1295; x_wconf 69' lang='lat' dir='ltr'><strong>l</strong></span> <span class='ocrx_word' id='word_1_75' title='bbox 74 1209 157 1274; x_wconf 85' lang='lat' dir='ltr'><strong>libri</strong></span> <span class='ocrx_word' id='word_1_76' title='bbox 180 1207 256 1275; x_wconf 86' lang='lat' dir='ltr'><strong>loeo</strong></span> <span class='ocrx_word' id='word_1_77' title='bbox 273 1210 491 1296; x_wconf 71' lang='lat' dir='ltr'><strong>redarguitur.</strong></span> 
     </span>
    </p>

    <p class='ocr_par' dir='ltr' id='par_1_3' title="bbox 0 1297 1098 1736">
     <span class='ocr_line' id='line_1_12' title="bbox 0 1297 1098 1387; baseline 0.005 -26"><span class='ocrx_word' id='word_1_78' title='bbox 0 1310 1 1313; x_wconf 76' lang='grc'>’</span> <span class='ocrx_word' id='word_1_79' title='bbox 169 1300 206 1363; x_wconf 83' lang='lat' dir='ltr'><strong>de</strong></span> <span class='ocrx_word' id='word_1_80' title='bbox 232 1319 266 1364; x_wconf 85' lang='lat' dir='ltr'><strong>eo</strong></span> <span class='ocrx_word' id='word_1_81' title='bbox 287 1299 390 1382; x_wconf 71' lang='lat' dir='ltr'><strong>guod]—</strong></span> <span class='ocrx_word' id='word_1_82' title='bbox 418 1297 501 1364; x_wconf 84' lang='lat' dir='ltr'><strong>Mihi</strong></span> <span class='ocrx_word' id='word_1_83' title='bbox 534 1321 661 1386; x_wconf 79' lang='lat' dir='ltr'><strong>quoqne</strong></span> <span class='ocrx_word' id='word_1_84' title='bbox 693 1302 794 1367; x_wconf 76' lang='lat' dir='ltr'><strong>verba</strong></span> <span class='ocrx_word' id='word_1_85' title='bbox 827 1322 907 1367; x_wconf 85' lang='lat' dir='ltr'><strong>sana</strong></span> <span class='ocrx_word' id='word_1_86' title='bbox 938 1302 1098 1387; x_wconf 85' lang='lat' dir='ltr'><strong>videntur,</strong></span> 
     </span>
     <span class='ocr_line' id='line_1_13' title="bbox 0 1387 1098 1474; baseline 0.003 -23"><span class='ocrx_word' id='word_1_87' title='bbox 0 1430 1 1465; x_wconf 56' lang='lat'><em>³</em></span> <span class='ocrx_word' id='word_1_88' title='bbox 77 1403 278 1472; x_wconf 82' lang='lat' dir='ltr'><strong>quamquam</strong></span> <span class='ocrx_word' id='word_1_89' title='bbox 304 1387 357 1452; x_wconf 75' lang='lat' dir='ltr'><strong>‘de</strong></span> <span class='ocrx_word' id='word_1_90' title='bbox 385 1409 423 1453; x_wconf 85' lang='lat' dir='ltr'><strong>eo</strong></span> <span class='ocrx_word' id='word_1_91' title='bbox 451 1388 553 1473; x_wconf 85' lang='lat' dir='ltr'><strong>quod&#39;</strong></span> <span class='ocrx_word' id='word_1_92' title='bbox 581 1390 726 1455; x_wconf 85' lang='lat' dir='ltr'><strong>nondum</strong></span> <span class='ocrx_word' id='word_1_93' title='bbox 755 1391 790 1455; x_wconf 93' lang='lat' dir='ltr'><strong>in</strong></span> <span class='ocrx_word' id='word_1_94' title='bbox 813 1391 1028 1474; x_wconf 74' lang='lat' dir='ltr'><strong>scriptoribus</strong></span> <span class='ocrx_word' id='word_1_95' title='bbox 1050 1391 1098 1454; x_wconf 88' lang='lat' dir='ltr'><strong>in-</strong></span> 
     </span>
     <span class='ocr_line' id='line_1_14' title="bbox 76 1473 1097 1563; baseline 0.003 -23"><span class='ocrx_word' id='word_1_96' title='bbox 76 1477 162 1540; x_wconf 83' lang='lat' dir='ltr'><strong>veni.</strong></span> <span class='ocrx_word' id='word_1_97' title='bbox 209 1473 272 1541; x_wconf 78' lang='lat' dir='ltr'><strong>Sed</strong></span> <span class='ocrx_word' id='word_1_98' title='bbox 301 1475 353 1541; x_wconf 77' lang='lat' dir='ltr'><strong>‘ab</strong></span> <span class='ocrx_word' id='word_1_99' title='bbox 382 1497 420 1542; x_wconf 88' lang='lat' dir='ltr'><strong>eo</strong></span> <span class='ocrx_word' id='word_1_100' title='bbox 448 1477 546 1561; x_wconf 86' lang='lat' dir='ltr'><strong>quod’</strong></span> <span class='ocrx_word' id='word_1_101' title='bbox 574 1477 681 1544; x_wconf 89' lang='lat' dir='ltr'><strong>Varro</strong></span> <span class='ocrx_word' id='word_1_102' title='bbox 710 1479 751 1543; x_wconf 85' lang='lat' dir='ltr'><strong>de</strong></span> <span class='ocrx_word' id='word_1_103' title='bbox 776 1480 797 1542; x_wconf 89' lang='lat'><strong>1.</strong></span> <span class='ocrx_word' id='word_1_104' title='bbox 820 1479 841 1542; x_wconf 92' lang='lat' dir='ltr'><strong>l.</strong></span> <span class='ocrx_word' id='word_1_105' title='bbox 864 1477 895 1544; x_wconf 87' lang='lat' dir='ltr'>V</span> <span class='ocrx_word' id='word_1_106' title='bbox 922 1480 983 1543; x_wconf 79' lang='lat'><strong>171</strong></span> <span class='ocrx_word' id='word_1_107' title='bbox 1009 1499 1097 1563; x_wconf 85' lang='lat' dir='ltr'><strong>seqq.</strong></span> 
     </span>
     <span class='ocr_line' id='line_1_15' title="bbox 78 1562 1097 1652; baseline 0.004 -24"><span class='ocrx_word' id='word_1_108' title='bbox 78 1565 166 1648; x_wconf 87' lang='lat' dir='ltr'><strong>apud</strong></span> <span class='ocrx_word' id='word_1_109' title='bbox 188 1562 328 1630; x_wconf 84' lang='lat' dir='ltr'><strong>Hultsoh</strong></span> <span class='ocrx_word' id='word_1_110' title='bbox 352 1567 528 1650; x_wconf 81' lang='lat' dir='ltr'><strong>scriptores</strong></span> <span class='ocrx_word' id='word_1_111' title='bbox 551 1567 757 1652; x_wconf 87' lang='lat' dir='ltr'><strong>metrologioi</strong></span> <span class='ocrx_word' id='word_1_112' title='bbox 780 1565 814 1630; x_wconf 93' lang='grc' dir='ltr'><strong>ΙΙ</strong></span> <span class='ocrx_word' id='word_1_113' title='bbox 841 1589 871 1651; x_wconf 93' lang='lat' dir='ltr'><strong>p.</strong></span> <span class='ocrx_word' id='word_1_114' title='bbox 895 1567 939 1632; x_wconf 82' lang='lat'><strong>50</strong></span> <span class='ocrx_word' id='word_1_115' title='bbox 968 1567 1097 1652; x_wconf 84' lang='lat' dir='ltr'><strong>saepius</strong></span> 
     </span>
     <span class='ocr_line' id='line_1_16' title="bbox 76 1653 844 1736; baseline -0.005 -18"><span class='ocrx_word' id='word_1_116' title='bbox 76 1653 260 1736; x_wconf 72' lang='lat' dir='ltr'><strong>usurpavit.</strong></span> <span class='ocrx_word' id='word_1_117' title='bbox 838 1720 844 1727; x_wconf 62' lang='grc'><strong>,</strong></span> 
     </span>
    </p>

    <p class='ocr_par' dir='ltr' id='par_1_4' title="bbox 1 1741 1099 3602">
     <span class='ocr_line' id='line_1_17' title="bbox 170 1741 1097 1824; baseline 0.004 -18"><span class='ocrx_word' id='word_1_118' title='bbox 170 1763 196 1806; x_wconf 90' lang='lat' dir='ltr'><strong>o.</strong></span> <span class='ocrx_word' id='word_1_119' title='bbox 214 1743 245 1806; x_wconf 82' lang='lat'><strong>4.</strong></span> <span class='ocrx_word' id='word_1_120' title='bbox 276 1743 449 1824; x_wconf 68' lang='lat' dir='ltr'><strong>vandilort&#39;l]</strong></span> <span class='ocrx_word' id='word_1_121' title='bbox 485 1741 516 1807; x_wconf 77' lang='lat' dir='ltr'><strong>A</strong></span> <span class='ocrx_word' id='word_1_122' title='bbox 549 1743 681 1809; x_wconf 81' lang='lat' dir='ltr'><strong>exhibet</strong></span> <span class='ocrx_word' id='word_1_123' title='bbox 712 1745 889 1810; x_wconf 72' lang='lat' dir='ltr'><strong>vexillarios</strong></span> <span class='ocrx_word' id='word_1_124' title='bbox 917 1744 1022 1810; x_wconf 72' lang='lat' dir='ltr'><strong>cohors</strong></span> <span class='ocrx_word' id='word_1_125' title='bbox 1053 1761 1097 1810; x_wconf 80' lang='lat' dir='ltr'><strong>se·</strong></span> 
     </span>
     <span class='ocr_line' id='line_1_18' title="bbox 77 1829 1099 1916; baseline 0.003 -21"><span class='ocrx_word' id='word_1_126' title='bbox 77 1831 190 1908; x_wconf 65' lang='lat' dir='ltr'><strong>douo,</strong></span> <span class='ocrx_word' id='word_1_127' title='bbox 213 1831 299 1915; x_wconf 83' lang='lat' dir='ltr'><strong>qnod</strong></span> <span class='ocrx_word' id='word_1_128' title='bbox 318 1829 428 1916; x_wconf 86' lang='lat' dir='ltr'><strong>Lange</strong></span> <span class='ocrx_word' id='word_1_129' title='bbox 451 1832 499 1896; x_wconf 82' lang='lat' dir='ltr'><strong>ito</strong></span> <span class='ocrx_word' id='word_1_130' title='bbox 522 1833 705 1899; x_wconf 82' lang='lat' dir='ltr'><strong>emendarit</strong></span> <span class='ocrx_word' id='word_1_131' title='bbox 722 1835 880 1899; x_wconf 74' lang='lat' dir='ltr'><strong>verilluril</strong></span> <span class='ocrx_word' id='word_1_132' title='bbox 901 1835 948 1899; x_wconf 81' lang='lat' dir='ltr'><strong>uel</strong></span> <span class='ocrx_word' id='word_1_133' title='bbox 965 1833 1099 1899; x_wconf 70' lang='lat' dir='ltr'><strong>natoue</strong></span> 
     </span>
     <span class='ocr_line' id='line_1_19' title="bbox 77 1920 1096 2006; baseline 0.001 -22"><span class='ocrx_word' id='word_1_134' title='bbox 77 1921 244 1997; x_wconf 47' lang='lat' dir='ltr'><strong>seeundo&amp;</strong></span> <span class='ocrx_word' id='word_1_135' title='bbox 280 1940 312 2003; x_wconf 85' lang='lat' dir='ltr'><strong>p.</strong></span> <span class='ocrx_word' id='word_1_136' title='bbox 333 1921 403 1984; x_wconf 76' lang='lat'>124.</span> <span class='ocrx_word' id='word_1_137' title='bbox 427 1920 457 1986; x_wconf 82' lang='lat'><strong>5.</strong></span> <span class='ocrx_word' id='word_1_138' title='bbox 485 1921 630 1986; x_wconf 77' lang='lat' dir='ltr'><strong>defendit</strong></span> <span class='ocrx_word' id='word_1_139' title='bbox 653 1941 745 1986; x_wconf 87' lang='lat' dir='ltr'><strong>suam</strong></span> <span class='ocrx_word' id='word_1_140' title='bbox 768 1923 957 2006; x_wconf 78' lang='lat' dir='ltr'><strong>lectionem,</strong></span> <span class='ocrx_word' id='word_1_141' title='bbox 985 1923 1096 1986; x_wconf 81' lang='lat' dir='ltr'><strong>miser-</strong></span> 
     </span>
     <span class='ocr_line' id='line_1_20' title="bbox 77 2007 1097 2094; baseline 0.001 -22"><span class='ocrx_word' id='word_1_142' title='bbox 77 2008 161 2073; x_wconf 85' lang='lat' dir='ltr'><strong>rirne</strong></span> <span class='ocrx_word' id='word_1_143' title='bbox 185 2008 324 2092; x_wconf 83' lang='lat' dir='ltr'><strong>quidem.</strong></span> <span class='ocrx_word' id='word_1_144' title='bbox 369 2007 456 2074; x_wconf 81' lang='lat' dir='ltr'><strong>Nam</strong></span> <span class='ocrx_word' id='word_1_145' title='bbox 479 2011 621 2092; x_wconf 87' lang='lat' dir='ltr'><strong>primum</strong></span> <span class='ocrx_word' id='word_1_146' title='bbox 644 2010 797 2074; x_wconf 76' lang='lat' dir='ltr'><strong>cohortes</strong></span> <span class='ocrx_word' id='word_1_147' title='bbox 820 2009 1021 2094; x_wconf 80' lang='lat' dir='ltr'><strong>legionariae</strong></span> <span class='ocrx_word' id='word_1_148' title='bbox 1046 2009 1097 2074; x_wconf 88' lang='lat' dir='ltr'><strong>de·</strong></span> 
     </span>
     <span class='ocr_line' id='line_1_21' title="bbox 78 2096 1096 2183; baseline 0 -22"><span class='ocrx_word' id='word_1_149' title='bbox 78 2117 170 2161; x_wconf 87' lang='lat' dir='ltr'><strong>mum</strong></span> <span class='ocrx_word' id='word_1_150' title='bbox 192 2102 309 2180; x_wconf 84' lang='lat' dir='ltr'><strong>postea</strong></span> <span class='ocrx_word' id='word_1_151' title='bbox 332 2101 635 2182; x_wconf 74' lang='lat' dir='ltr'><strong>commemorantur,</strong></span> <span class='ocrx_word' id='word_1_152' title='bbox 658 2096 897 2183; x_wconf 86' lang='lat' dir='ltr'><strong>deindeLange</strong></span> <span class='ocrx_word' id='word_1_153' title='bbox 921 2098 1096 2163; x_wconf 87' lang='lat' dir='ltr'><strong>sententia-</strong></span> 
     </span>
     <span class='ocr_line' id='line_1_22' title="bbox 78 2186 1099 2271; baseline 0.001 -21"><span class='ocrx_word' id='word_1_154' title='bbox 78 2207 153 2250; x_wconf 87' lang='lat' dir='ltr'><strong>rum</strong></span> <span class='ocrx_word' id='word_1_155' title='bbox 175 2199 293 2250; x_wconf 75' lang='lat' dir='ltr'><strong>nerum</strong></span> <span class='ocrx_word' id='word_1_156' title='bbox 315 2205 449 2270; x_wconf 88' lang='lat' dir='ltr'><strong>prorsus</strong></span> <span class='ocrx_word' id='word_1_157' title='bbox 476 2206 544 2252; x_wconf 89' lang='lat' dir='ltr'><strong>non</strong></span> <span class='ocrx_word' id='word_1_158' title='bbox 566 2186 740 2270; x_wconf 78' lang='lat' dir='ltr'><strong>intellexit5</strong></span> <span class='ocrx_word' id='word_1_159' title='bbox 772 2187 879 2253; x_wconf 82' lang='lat' dir='ltr'><strong>verbis</strong></span> <span class='ocrx_word' id='word_1_160' title='bbox 903 2186 1029 2271; x_wconf 81' lang='lat' dir='ltr'><strong>Hygini</strong></span> <span class='ocrx_word' id='word_1_161' title='bbox 1052 2187 1099 2252; x_wconf 80' lang='lat' dir='ltr'><strong>‘et</strong></span> 
     </span>
     <span class='ocr_line' id='line_1_23' title="bbox 80 2275 1096 2360; baseline 0.002 -22"><span class='ocrx_word' id='word_1_162' title='bbox 80 2275 110 2338; x_wconf 87' lang='lat' dir='ltr'><strong>si</strong></span> <span class='ocrx_word' id='word_1_163' title='bbox 132 2294 186 2338; x_wconf 87' lang='lat' dir='ltr'><strong>res</strong></span> <span class='ocrx_word' id='word_1_164' title='bbox 208 2275 317 2358; x_wconf 72' lang='lat' dir='ltr'><strong>exiget</strong></span> <span class='ocrx_word' id='word_1_165' title='bbox 340 2306 384 2322; x_wconf 54' lang='lat' dir='ltr'><strong>—u</strong></span> <span class='ocrx_word' id='word_1_166' title='bbox 407 2279 440 2339; x_wconf 88' lang='lat' dir='ltr'><strong>et</strong></span> <span class='ocrx_word' id='word_1_167' title='bbox 467 2275 496 2339; x_wconf 88' lang='lat' dir='ltr'><strong>si</strong></span> <span class='ocrx_word' id='word_1_168' title='bbox 520 2275 665 2342; x_wconf 81' lang='lat' dir='ltr'><strong>strictior</strong></span> <span class='ocrx_word' id='word_1_169' title='bbox 691 2276 790 2341; x_wconf 84' lang='lat' dir='ltr'><strong>fuerit</strong></span> <span class='ocrx_word' id='word_1_170' title='bbox 816 2275 988 2360; x_wconf 65' lang='lat' dir='ltr'><strong>pedatura?</strong></span> <span class='ocrx_word' id='word_1_171' title='bbox 1015 2275 1096 2340; x_wconf 87' lang='lat' dir='ltr'><strong>indi·</strong></span> 
     </span>
     <span class='ocr_line' id='line_1_24' title="bbox 1 2363 1098 2449; baseline 0.002 -23"><span class='ocrx_word' id='word_1_172' title='bbox 1 2409 3 2438; x_wconf 31' lang='lat' dir='ltr'><strong>i</strong></span> <span class='ocrx_word' id='word_1_173' title='bbox 80 2367 182 2447; x_wconf 84' lang='lat' dir='ltr'><strong>eatur,</strong></span> <span class='ocrx_word' id='word_1_174' title='bbox 204 2363 400 2429; x_wconf 81' lang='lat' dir='ltr'><strong>necessitate</strong></span> <span class='ocrx_word' id='word_1_175' title='bbox 424 2367 559 2449; x_wconf 76' lang='lat' dir='ltr'><strong>cogente</strong></span> <span class='ocrx_word' id='word_1_176' title='bbox 582 2365 740 2429; x_wconf 86' lang='lat' dir='ltr'><strong>maiorem</strong></span> <span class='ocrx_word' id='word_1_177' title='bbox 763 2368 796 2430; x_wconf 88' lang='lat' dir='ltr'><strong>et</strong></span> <span class='ocrx_word' id='word_1_178' title='bbox 818 2384 878 2448; x_wconf 84' lang='lat' dir='ltr'><strong>pro</strong></span> <span class='ocrx_word' id='word_1_179' title='bbox 902 2365 1008 2448; x_wconf 86' lang='lat' dir='ltr'><strong>spatio</strong></span> <span class='ocrx_word' id='word_1_180' title='bbox 1031 2385 1098 2428; x_wconf 89' lang='lat' dir='ltr'><strong>ma·</strong></span> 
     </span>
     <span class='ocr_line' id='line_1_25' title="bbox 1 2451 1095 2538; baseline -0.003 -18"><span class='ocrx_word' id='word_1_181' title='bbox 1 2517 2 2520; x_wconf 74' lang='grc'>,</span> <span class='ocrx_word' id='word_1_182' title='bbox 77 2451 202 2516; x_wconf 78' lang='lat' dir='ltr'><strong>nimum</strong></span> <span class='ocrx_word' id='word_1_183' title='bbox 221 2471 390 2516; x_wconf 84' lang='lat' dir='ltr'><strong>numerum</strong></span> <span class='ocrx_word' id='word_1_184' title='bbox 407 2452 548 2516; x_wconf 84' lang='lat' dir='ltr'><strong>rnilitum</strong></span> <span class='ocrx_word' id='word_1_185' title='bbox 568 2472 667 2538; x_wconf 82' lang='lat' dir='ltr'><strong>super</strong></span> <span class='ocrx_word' id='word_1_186' title='bbox 679 2451 847 2518; x_wconf 82' lang='lat' dir='ltr'><strong>cohortem</strong></span> <span class='ocrx_word' id='word_1_187' title='bbox 863 2454 1002 2537; x_wconf 87' lang='lat' dir='ltr'><strong>primam</strong></span> <span class='ocrx_word' id='word_1_188' title='bbox 1016 2453 1095 2517; x_wconf 87' lang='lat' dir='ltr'><strong>dari.</strong></span> 
     </span>
     <span class='ocr_line' id='line_1_26' title="bbox 77 2538 1096 2624; baseline 0.001 -21"><span class='ocrx_word' id='word_1_189' title='bbox 77 2538 143 2604; x_wconf 84' lang='lat' dir='ltr'><strong>Eat</strong></span> <span class='ocrx_word' id='word_1_190' title='bbox 163 2540 291 2624; x_wconf 83' lang='lat' dir='ltr'><strong>elimax,</strong></span> <span class='ocrx_word' id='word_1_191' title='bbox 314 2541 370 2624; x_wconf 81' lang='lat' dir='ltr'><strong>qni</strong></span> <span class='ocrx_word' id='word_1_192' title='bbox 393 2539 513 2605; x_wconf 82' lang='lat' dir='ltr'><strong>dieitur</strong></span> <span class='ocrx_word' id='word_1_193' title='bbox 535 2541 718 2605; x_wconf 84' lang='lat' dir='ltr'><strong>ascendens.</strong></span> <span class='ocrx_word' id='word_1_194' title='bbox 763 2540 843 2616; x_wconf 81' lang='lat' dir='ltr'><strong>Quis</strong></span> <span class='ocrx_word' id='word_1_195' title='bbox 867 2560 944 2606; x_wconf 84' lang='lat' dir='ltr'><strong>vero</strong></span> <span class='ocrx_word' id='word_1_196' title='bbox 967 2544 1096 2624; x_wconf 82' lang='lat' dir='ltr'><strong>praeter</strong></span> 
     </span>
     <span class='ocr_line' id='line_1_27' title="bbox 77 2627 1095 2714; baseline -0.001 -21"><span class='ocrx_word' id='word_1_197' title='bbox 77 2627 241 2714; x_wconf 86' lang='lat' dir='ltr'><strong>Langiurn</strong></span> <span class='ocrx_word' id='word_1_198' title='bbox 262 2629 298 2692; x_wconf 89' lang='lat' dir='ltr'><strong>in</strong></span> <span class='ocrx_word' id='word_1_199' title='bbox 320 2629 388 2693; x_wconf 84' lang='lat' dir='ltr'><strong>imo</strong></span> <span class='ocrx_word' id='word_1_200' title='bbox 410 2632 444 2693; x_wconf 88' lang='lat' dir='ltr'><strong>et</strong></span> <span class='ocrx_word' id='word_1_201' title='bbox 466 2647 593 2693; x_wconf 85' lang='lat' dir='ltr'><strong>summo</strong></span> <span class='ocrx_word' id='word_1_202' title='bbox 623 2628 769 2693; x_wconf 82' lang='lat' dir='ltr'><strong>elimacis</strong></span> <span class='ocrx_word' id='word_1_203' title='bbox 798 2628 902 2714; x_wconf 88' lang='lat' dir='ltr'><strong>gradu</strong></span> <span class='ocrx_word' id='word_1_204' title='bbox 927 2628 1095 2692; x_wconf 87' lang='lat' dir='ltr'><strong>eohortem</strong></span> 
     </span>
     <span class='ocr_line' id='line_1_28' title="bbox 78 2715 1098 2802; baseline 0.002 -22"><span class='ocrx_word' id='word_1_205' title='bbox 78 2717 296 2801; x_wconf 84' lang='lat' dir='ltr'><strong>legionariam</strong></span> <span class='ocrx_word' id='word_1_206' title='bbox 327 2717 452 2800; x_wconf 81' lang='lat' dir='ltr'><strong>ponet?</strong></span> <span class='ocrx_word' id='word_1_207' title='bbox 501 2715 585 2781; x_wconf 90' lang='lat' dir='ltr'><strong>Mihi</strong></span> <span class='ocrx_word' id='word_1_208' title='bbox 612 2717 743 2802; x_wconf 88' lang='lat' dir='ltr'><strong>quidem</strong></span> <span class='ocrx_word' id='word_1_209' title='bbox 774 2733 842 2782; x_wconf 88' lang='lat' dir='ltr'><strong>non</strong></span> <span class='ocrx_word' id='word_1_210' title='bbox 873 2720 923 2782; x_wconf 80' lang='lat' dir='ltr'><strong>est</strong></span> <span class='ocrx_word' id='word_1_211' title='bbox 955 2716 1098 2802; x_wconf 86' lang='lat' dir='ltr'><strong>dubium,</strong></span> 
     </span>
     <span class='ocr_line' id='line_1_29' title="bbox 79 2806 1097 2889; baseline 0.001 -19"><span class='ocrx_word' id='word_1_212' title='bbox 79 2807 160 2889; x_wconf 91' lang='lat' dir='ltr'><strong>quin</strong></span> <span class='ocrx_word' id='word_1_213' title='bbox 183 2806 282 2871; x_wconf 86' lang='lat' dir='ltr'><strong>verba</strong></span> <span class='ocrx_word' id='word_1_214' title='bbox 304 2827 339 2870; x_wconf 87' lang='lat' dir='ltr'><strong>ve</strong></span> <span class='ocrx_word' id='word_1_215' title='bbox 361 2806 465 2872; x_wconf 72' lang='lat' dir='ltr'><strong>oolam</strong></span> <span class='ocrx_word' id='word_1_216' title='bbox 487 2806 787 2872; x_wconf 64' lang='lat' dir='ltr'><strong>sermendaula</strong></span> <span class='ocrx_word' id='word_1_217' title='bbox 810 2806 885 2870; x_wconf 86' lang='lat' dir='ltr'><strong>sint.</strong></span> <span class='ocrx_word' id='word_1_218' title='bbox 932 2827 957 2871; x_wconf 90' lang='lat' dir='ltr'><strong>e.</strong></span> <span class='ocrx_word' id='word_1_219' title='bbox 982 2806 1031 2871; x_wconf 85' lang='lat'><strong>23·</strong></span> <span class='ocrx_word' id='word_1_220' title='bbox 1049 2827 1097 2872; x_wconf 85' lang='lat' dir='ltr'><strong>ex.</strong></span> 
     </span>
     <span class='ocr_line' id='line_1_30' title="bbox 78 2894 1097 2980; baseline 0.003 -23"><span class='ocrx_word' id='word_1_221' title='bbox 78 2895 115 2957; x_wconf 88' lang='lat' dir='ltr'><strong>in</strong></span> <span class='ocrx_word' id='word_1_222' title='bbox 137 2913 274 2978; x_wconf 79' lang='lat' dir='ltr'><strong>prorsus</strong></span> <span class='ocrx_word' id='word_1_223' title='bbox 296 2895 398 2960; x_wconf 78' lang='lat' dir='ltr'><strong>simili</strong></span> <span class='ocrx_word' id='word_1_224' title='bbox 425 2895 497 2960; x_wconf 86' lang='lat' dir='ltr'><strong>loeo</strong></span> <span class='ocrx_word' id='word_1_225' title='bbox 524 2896 646 2980; x_wconf 83' lang='lat' dir='ltr'><strong>legitur</strong></span> <span class='ocrx_word' id='word_1_226' title='bbox 674 2894 845 2960; x_wconf 74' lang='lat' dir='ltr'><strong>‘vexillarii</strong></span> <span class='ocrx_word' id='word_1_227' title='bbox 872 2895 924 2961; x_wconf 76' lang='lat' dir='ltr'><strong>vel</strong></span> <span class='ocrx_word' id='word_1_228' title='bbox 947 2895 1097 2960; x_wconf 82' lang='lat' dir='ltr'><strong>cohortes</strong></span> 
     </span>
     <span class='ocr_line' id='line_1_31' title="bbox 78 2982 1096 3069; baseline -0.001 -22"><span class='ocrx_word' id='word_1_229' title='bbox 78 2983 242 3049; x_wconf 79' lang='lat' dir='ltr'><strong>secundae</strong></span> <span class='ocrx_word' id='word_1_230' title='bbox 274 2984 324 3048; x_wconf 85' lang='lat' dir='ltr'><strong>vel</strong></span> <span class='ocrx_word' id='word_1_231' title='bbox 356 2982 520 3067; x_wconf 70' lang='lat' dir='ltr'><strong>peditatus</strong></span> <span class='ocrx_word' id='word_1_232' title='bbox 551 2984 782 3069; x_wconf 80' lang='lat' dir='ltr'><strong>quingenariae</strong></span> <span class='ocrx_word' id='word_1_233' title='bbox 820 3005 917 3068; x_wconf 83' lang='lat' dir='ltr'><strong>super</strong></span> <span class='ocrx_word' id='word_1_234' title='bbox 948 2984 1096 3050; x_wconf 80' lang='lat' dir='ltr'><strong>cohortes</strong></span> 
     </span>
     <span class='ocr_line' id='line_1_32' title="bbox 78 3069 1097 3157; baseline -0.001 -21"><span class='ocrx_word' id='word_1_235' title='bbox 78 3069 223 3156; x_wconf 72' lang='lat' dir='ltr'><strong>primes,</strong></span> <span class='ocrx_word' id='word_1_236' title='bbox 251 3071 362 3137; x_wconf 86' lang='lat' dir='ltr'><strong>ordine</strong></span> <span class='ocrx_word' id='word_1_237' title='bbox 385 3073 488 3157; x_wconf 86' lang='lat' dir='ltr'><strong>igitur</strong></span> <span class='ocrx_word' id='word_1_238' title='bbox 510 3077 637 3138; x_wconf 86' lang='lat' dir='ltr'><strong>mutato</strong></span> <span class='ocrx_word' id='word_1_239' title='bbox 665 3071 816 3138; x_wconf 74' lang='lat' dir='ltr'><strong>cohortes</strong></span> <span class='ocrx_word' id='word_1_240' title='bbox 840 3073 998 3138; x_wconf 82' lang='lat' dir='ltr'><strong>secundae</strong></span> <span class='ocrx_word' id='word_1_241' title='bbox 1021 3074 1097 3135; x_wconf 85' lang='lat' dir='ltr'><strong>ante</strong></span> 
     </span>
     <span class='ocr_line' id='line_1_33' title="bbox 77 3159 1097 3247; baseline 0 -23"><span class='ocrx_word' id='word_1_242' title='bbox 77 3160 243 3245; x_wconf 74' lang='lat' dir='ltr'><strong>perlitatae</strong></span> <span class='ocrx_word' id='word_1_243' title='bbox 268 3161 498 3247; x_wconf 81' lang='lat' dir='ltr'><strong>quingenarius</strong></span> <span class='ocrx_word' id='word_1_244' title='bbox 523 3165 825 3228; x_wconf 86' lang='lat' dir='ltr'><strong>commemorantur.</strong></span> <span class='ocrx_word' id='word_1_245' title='bbox 874 3159 1026 3244; x_wconf 79' lang='lat' dir='ltr'><strong>Suspieor</strong></span> <span class='ocrx_word' id='word_1_246' title='bbox 1049 3163 1097 3224; x_wconf 86' lang='lat' dir='ltr'><strong>at·</strong></span> 
     </span>
     <span class='ocr_line' id='line_1_34' title="bbox 77 3248 1098 3336; baseline 0 -23"><span class='ocrx_word' id='word_1_247' title='bbox 77 3253 208 3314; x_wconf 73' lang='lat' dir='ltr'><strong>tentum</strong></span> <span class='ocrx_word' id='word_1_248' title='bbox 232 3249 371 3334; x_wconf 73' lang='lat' dir='ltr'><strong>aliquem</strong></span> <span class='ocrx_word' id='word_1_249' title='bbox 394 3250 548 3316; x_wconf 83' lang='lat' dir='ltr'><strong>lentorem</strong></span> <span class='ocrx_word' id='word_1_250' title='bbox 571 3251 605 3316; x_wconf 89' lang='lat' dir='ltr'><strong>in</strong></span> <span class='ocrx_word' id='word_1_251' title='bbox 627 3248 777 3336; x_wconf 79' lang='lat' dir='ltr'><strong>margine</strong></span> <span class='ocrx_word' id='word_1_252' title='bbox 796 3249 966 3332; x_wconf 78' lang='lat' dir='ltr'><strong>archetypi</strong></span> <span class='ocrx_word' id='word_1_253' title='bbox 988 3271 1057 3334; x_wconf 84' lang='lat' dir='ltr'><strong>cap.</strong></span> <span class='ocrx_word' id='word_1_254' title='bbox 1075 3249 1098 3313; x_wconf 84' lang='lat'>4</span> 
     </span>
     <span class='ocr_line' id='line_1_35' title="bbox 78 3337 1098 3423; baseline 0 -21"><span class='ocrx_word' id='word_1_255' title='bbox 78 3337 254 3404; x_wconf 79' lang='lat' dir='ltr'><strong>adnotasse</strong></span> <span class='ocrx_word' id='word_1_256' title='bbox 275 3341 354 3423; x_wconf 78' lang='lat' dir='ltr'><strong>post</strong></span> <span class='ocrx_word' id='word_1_257' title='bbox 375 3337 563 3405; x_wconf 76' lang='lat' dir='ltr'><strong>‘vexillarii’</strong></span> <span class='ocrx_word' id='word_1_258' title='bbox 590 3340 639 3406; x_wconf 84' lang='lat' dir='ltr'><strong>vel</strong></span> <span class='ocrx_word' id='word_1_259' title='bbox 658 3339 969 3416; x_wconf 61' lang='lat' dir='ltr'><strong>remunerandae,</strong></span> <span class='ocrx_word' id='word_1_260' title='bbox 991 3338 1098 3404; x_wconf 89' lang='lat' dir='ltr'><strong>utin·</strong></span> 
     </span>
     <span class='ocr_line' id='line_1_36' title="bbox 78 3425 1097 3512; baseline -0.001 -21"><span class='ocrx_word' id='word_1_261' title='bbox 78 3425 204 3492; x_wconf 79' lang='lat' dir='ltr'><strong>dicaret</strong></span> <span class='ocrx_word' id='word_1_262' title='bbox 235 3427 415 3511; x_wconf 81' lang='lat' dir='ltr'><strong>posteriore</strong></span> <span class='ocrx_word' id='word_1_263' title='bbox 447 3428 520 3493; x_wconf 83' lang='lat' dir='ltr'><strong>loeo</strong></span> <span class='ocrx_word' id='word_1_264' title='bbox 558 3428 722 3494; x_wconf 80' lang='lat' dir='ltr'><strong>inversum</strong></span> <span class='ocrx_word' id='word_1_265' title='bbox 759 3447 829 3494; x_wconf 87' lang='lat' dir='ltr'><strong>esse</strong></span> <span class='ocrx_word' id='word_1_266' title='bbox 862 3427 1022 3512; x_wconf 67' lang='lat' dir='ltr'><strong>ordinem</strong></span> <span class='ocrx_word' id='word_1_267' title='bbox 1059 3443 1097 3490; x_wconf 77' lang='lat' dir='ltr'><strong>er</strong></span> 
     </span>
     <span class='ocr_line' id='line_1_37' title="bbox 78 3515 1098 3602; baseline -0.002 -22"><span class='ocrx_word' id='word_1_268' title='bbox 78 3516 228 3602; x_wconf 81' lang='lat' dir='ltr'><strong>margine</strong></span> <span class='ocrx_word' id='word_1_269' title='bbox 247 3520 356 3582; x_wconf 85' lang='lat' dir='ltr'><strong>autem</strong></span> <span class='ocrx_word' id='word_1_270' title='bbox 376 3517 544 3600; x_wconf 80' lang='lat' dir='ltr'><strong>irrepsisse</strong></span> <span class='ocrx_word' id='word_1_271' title='bbox 563 3517 598 3580; x_wconf 84' lang='lat' dir='ltr'><strong>in</strong></span> <span class='ocrx_word' id='word_1_272' title='bbox 616 3519 750 3582; x_wconf 83' lang='lat' dir='ltr'><strong>textum.</strong></span> <span class='ocrx_word' id='word_1_273' title='bbox 766 3545 807 3564; x_wconf 59' lang='lat'><strong>*-</strong></span> <span class='ocrx_word' id='word_1_274' title='bbox 822 3515 861 3581; x_wconf 88' lang='lat' dir='ltr'><strong>In</strong></span> <span class='ocrx_word' id='word_1_275' title='bbox 879 3516 996 3600; x_wconf 73' lang='lat' dir='ltr'><strong>verbis,</strong></span> <span class='ocrx_word' id='word_1_276' title='bbox 1015 3535 1098 3600; x_wconf 86' lang='lat' dir='ltr'><strong>qnae</strong></span> 
     </span>
    </p>
   </div>
   <div class='ocr_carea' id='block_1_3' title="bbox 0 0 1251 3948">
    <p class='ocr_par' dir='ltr' id='par_1_5' title="bbox 0 0 1251 3948">
     <span class='ocr_line' id='line_1_38' title="bbox 0 0 1251 3948; baseline 0 0"><span class='ocrx_word' id='word_1_277' title='bbox 0 0 1251 3948; x_wconf 95' lang='lat' dir='ltr'><strong> </strong></span> 
     </span>
    </p>
   </div>
  </div>
 </body>
</html>
