2486 3948
160 203 204 270 34
602 201 735 260 HYGINI

249 364 303 430 44.
334 364 442 431 Erunt
468 365 579 450 itaque
605 364 763 432 lateribus
792 363 942 432 cohortes
963 363 1057 444 XVI,
1088 386 1192 450 prae-

160 453 296 520 tendent
323 457 357 519 et
383 453 553 521 retendant
577 457 732 539 quattuor
759 454 864 538 milia,
896 456 930 520 et
951 453 1099 538 singulae
1123 452 1193 518 LX

161 565 219 627 per
241 537 396 626 CCCLX3
424 542 552 626 reliqua
574 545 730 627 quattuor
752 542 846 608 milia
867 542 954 608 intra
975 543 1063 608 riam
1087 561 1193 627 sagu-

161 632 272 697 larem.

135 735 149 778 ο
250 719 304 786 45.
335 718 374 784 In
397 721 554 804 quantum
581 721 688 804 potui,
715 719 844 786 dominc
870 718 988 802 frater,
1014 739 1073 802 pro
1101 719 1191 786 tiro·

161 809 248 876 cinio
271 829 343 877 meo
366 806 402 874 in
420 808 523 874 brevi,
534 829 648 874 omnes
667 812 815 876 auctores
833 829 906 874 sum
924 811 1125 893 persecutus,
1151 811 1190 872 et

162 896 317 982 quidquid
349 896 435 962 circa
462 898 732 980 compositionem
758 899 939 962 carmenum
970 895 1188 962 aestivalium

161 984 388 1068 instituerunt,
411 985 448 1052 in
469 985 532 1052 hoc
554 985 681 1069 libello,
703 986 892 1070 priusquam
912 1005 1064 1052 numeros
1088 985 1190 1050 insti·

161 1078 302 1157 tuorem,
334 1074 394 1140 sub
427 1074 555 1141 ratione
587 1075 698 1142 omnia
730 1073 901 1140 declaravi.
948 1073 1117 1157 Principia
1149 1075 1189 1140 in

122 1179 149 1221 1⁰
163 1162 253 1229 omni
266 1162 485 1246 inceptatione
499 1161 688 1228 metationis
702 1162 871 1228 scribendo
884 1162 994 1228 nullus
1013 1166 1128 1228 auctor
1148 1162 1188 1228 in

65 1263 150 1336 rusb,
162 1251 249 1318 hunc
262 1250 349 1316 diem
363 1249 514 1333 ostendit,
536 1253 670 1334 propter
690 1250 695 1333 Ι
715 1249 800 1334 qood
814 1271 910 1334 spero
928 1250 1188 1318 sollicitudinem

161 1343 309 1406 nostram
331 1339 429 1425 digne
450 1337 513 1404 tibi
535 1337 743 1423 placituram.
802 1339 855 1404 46.
877 1339 1097 1423 Exposuimus
1120 1340 1186 1406 ita·

163 1449 225 1514 que
249 1428 396 1514 singulas
416 1427 540 1512 species
559 1431 593 1493 et
610 1427 798 1492 universum
816 1428 994 1494 exercitum
1013 1428 1079 1494 suis
1099 1428 1184 1494 locis

163 1517 405 1596 constituimus,
442 1515 644 1583 ostendimus
672 1515 786 1600 etiam,
818 1516 850 1588 si,
873 1535 1042 1582 necessum
1071 1515 1184 1600 fuerit,

123 1621 149 1664 1⁵
164 1606 237 1690 quis
259 1626 412 1671 numerus
441 1605 637 1672 commutari
665 1604 791 1670 debeat.
837 1603 959 1681 Quodsi
980 1606 1053 1672 elas
1075 1605 1112 1670 in
1132 1625 1184 1670 re·

162 1697 294 1760 tentura
315 1694 442 1778 positae
464 1693 588 1760 fuerint
614 1697 648 1758 et
669 1694 796 1778 pedites
823 1693 858 1758 in
880 1697 1091 1778 praetentum
1114 1693 1184 1760 sive

163 1782 314 1849 cohortes
332 1782 509 1867 equitatae,
523 1783 614 1848 nulla
627 1783 822 1848 necessitate
836 1786 981 1868 cogente,
999 1783 1068 1850 siue
1082 1783 1184 1848 dubio

163 1871 335 1938 metatoris
357 1870 540 1955 imperitiae
568 1869 697 1956 signum
725 1873 784 1936 est.
828 1869 915 1938 Illud
938 1873 1036 1955 plane
1058 1872 1184 1956 poterit

164 1960 345 2046 observari,
376 1962 426 2044 ut,
463 1960 492 2024 si
523 1959 673 2029 cohortes
707 1959 871 2044 equitatae
903 1959 939 2024 in
970 1981 1008 2028 eo
1041 1960 1184 2026 exercitu

123 2063 151 2106 ²⁰
164 2049 254 2114 omni
276 2071 344 2114 non
365 2048 501 2134 fuerim,
533 2069 694 2132 ponamus
722 2050 792 2114 alas
821 2048 1050 2134 quingenarius
1073 2049 1183 2114 lateri-

67 2149 154 2224 labb,
165 2138 227 2203 bus
251 2136 443 2221 quaestorii‚
470 2141 509 2202 ut
528 2137 533 2218 Ι
553 2140 719 2202 retentura
741 2137 922 2221 equitatum
944 2135 1073 2204 habeat.
1129 2137 1182 2202 47.

162 2225 250 2293 Nam
268 2223 353 2308 quod
374 2223 415 2288 ad
435 2223 583 2309 legiones
601 2224 777 2309 dispositas
797 2229 830 2292 et
843 2225 1037 2292 divisionem
1050 2225 1086 2290 in
1099 2224 1181 2292 duos

162 2333 316 2380 numeros
330 2312 480 2395 pertinet,
490 2312 576 2397 quod
586 2317 620 2378 et
633 2313 749 2396 peritis
763 2313 1035 2398 compositionum
1044 2312 1179 2378 difficul-

163 2405 250 2467 tates
273 2400 434 2486 ostendet,
456 2400 648 2466 methodum
669 2403 857 2470 metationis
877 2425 897 2468 a
914 2423 966 2467 me
985 2401 1180 2488 exquisitam

96 2624 98 2627 ¹
165 2645 275 2702 lerint
345 2645 446 2701 cohors
464 2644 530 2698 XVI
593 2645 815 2716 epraetendens
834 2645 967 2702 acerdoti
1034 2643 1180 2714 sexaginta

164 2733 215 2788 per
234 2715 350 2770 CCCLX
443 2714 581 2785 areliqui
666 2715 849 2786 ttyrocinio
929 2713 1044 2771 6brebi
1129 2715 1179 2768 sed

165 2785 303 2857 quidquid
321 2785 545 2844 aenaeam
613 2787 878 2870 'lucompcsiticnem
932 2793 1082 2842 8numero
1101 2784 1178 2840 insti-

633 2871 659 2900 m

163 2914 250 2966 tuere.
302 2909 511 2966 usupatione
582 2909 752 2982 praecipitia
807 2915 840 2966 10
854 2909 1076 2980 inceptaticnem
1093 2909 1178 2964 meta-

164 2979 265 3036 tionib.
286 2978 433 3047 scribenda
451 2997 520 3038 corr.
540 2981 594 3038 Sele
682 2983 828 3036 auctorum
846 2980 920 3036 huno
938 2997 1006 3038 corr.
1026 2979 1103 3036 Zetes
1120 2981 1178 3036 vide

165 3053 263 3124 Longe
272 3067 302 3120 p.
313 3055 352 3108 92
366 3052 431 3106 adn.
489 3057 521 3106 13
532 3051 694 3124 suaspeeiae
708 3051 837 3108 mandet
891 3056 925 3106 14
939 3049 1143 3106 osostendimus

167 3128 201 3178 15
214 3136 344 3176 numeros
362 3121 525 3176 tammutari
539 3140 607 3179 corr.
622 3122 682 3180 sea.
721 3129 754 3178 lt
768 3121 949 3178 inretentura.
982 3119 1013 3176 in
1026 3127 1177 3192 anteprae-

164 3194 278 3248 tentura
290 3191 385 3260 crnA,
399 3193 510 3250 addidit
523 3191 577 3248 Sole
613 3199 646 3250 12
661 3192 803 3266 aequitate
863 3195 996 3264 cogentes
1051 3194 1176 3248 18meta

165 3265 242 3318 tores
259 3261 410 3334 ,inperitiae
475 3270 507 3320 19
523 3263 666 3333 aequitate
738 3262 892 3318 exereitum
910 3262 1023 3318 omnino
1042 3261 1143 3317 fuerint
1236 3307 1238 3310 .

167 3340 202 3390 20
216 3333 325 3388 coimus
344 3333 478 3392 correct
531 3341 565 3392 21
580 3332 723 3404 quaestori
781 3333 956 3403 aequitatum
1011 3331 1176 3402 221219ςί0-

1235 3337 1238 3404 l

166 3419 216 3458 nes
235 3405 312 3458 astas
384 3403 469 3461 divisi
488 3404 558 3460 duos
577 3405 684 3462 cord
755 3411 790 3461 23
810 3402 960 3476 experitis
984 3403 1174 3476 conpositione
1235 3407 1237 3476 l

167 3491 236 3536 corr.
251 3474 305 3533 sa
376 3482 412 3531 24
429 3475 592 3531 maetodum
609 3474 797 3534 moetationes
868 3473 1039 3544 exquisitum
