2486 3948
137 231 139 238 ’
165 215 210 280 30
605 210 738 268 HYGlNI

165 376 317 443 hortibus
340 376 532 461 legionariis
556 375 632 461 quid
654 375 804 442 tabulino
831 375 884 440 vel
908 374 1001 459 signo
1024 372 1101 438 dare
1126 370 1190 438 de-

165 467 309 532 beamus.

70 575 153 642 laea,
255 554 307 620 32.
323 552 326 642 l
344 553 524 622 Observare
542 554 652 638 itaque
671 551 869 634 debebimus,
886 554 932 635 ut,
946 551 1096 636 quotiens
1114 553 1192 614 tres

166 644 312 728 legiones
339 664 413 708 eum
440 643 674 725 supplementis
701 643 853 724 acceptae
883 641 1016 720 fuerint,
1048 639 1194 704 dimidia

140 750 242 816 spars
271 735 452 796 uestrorum
474 728 624 802 DOOXX
650 729 747 815 pedes
769 728 954 796 latitudinis
983 729 1118 810 habeat,
1153 731 1193 792 et

167 819 326 886 lateribus
359 822 540 886 aestrorum
573 818 763 886 cohortibus
796 818 944 883 tabuliuo
976 815 1048 900 XO,
1080 817 1191 901 signis

167 906 279 974 OOXL
302 907 400 992 pedes
424 908 648 994 adsignemus,
670 913 720 992 ut,
742 906 880 976 deducto
903 906 1053 986 tabulina
1071 905 1194 972 eohor-

167 997 252 1064 tium
280 1001 313 1064 et
340 996 511 1062 latitudine
542 997 615 1063 viae
644 996 820 1082 sagulatis,
851 995 969 1079 reliqui
995 991 1053 1058 Do
1086 993 1192 1078 pedes

169 1087 346 1171 supersint,
372 1088 410 1150 ut
434 1087 506 1151 alae
529 1085 690 1152 miliarias
713 1086 748 1150 in
770 1086 979 1169 praeteritura
1007 1082 1047 1148 ad
1070 1083 1194 1166 pedem

129 1174 313 1239 retendant.
353 1172 401 1238 Ut
422 1195 508 1239 nuno
532 1177 714 1242 statuamus
741 1173 884 1258 reliquos
912 1172 1009 1256 pedes
1032 1169 1106 1254 DC,
1136 1193 1194 1236 ex-

168 1263 295 1346 plemus
318 1262 405 1328 latus
432 1283 533 1326 unum
560 1263 730 1345 praetorii.
758 1265 797 1328 ut
823 1262 977 1343 sciamus,
1007 1263 1088 1344 quot
1114 1261 1193 1340 alae

72 1349 1192 1506 1³³³*tttlttttt“ttttl'ilibittit&titt

130 1515 135 1522 ’
169 1529 267 1613 pedes
294 1527 366 1612 LX,
390 1461 532 1595 statidire
554 1528 651 1613 pedes
670 1461 749 1612 IllX,
781 1527 954 1592 comitibus
975 1461 1193 1610 'intorsione

130 1638 157 1679 15
170 1618 277 1682 nostri
299 1618 398 1701 pedes
416 1617 487 1700 LX,
510 1618 545 1682 in
566 1619 636 1684 vias
657 1617 755 1702 pedes
774 1615 845 1701 XL,
868 1615 955 1700 qu‘od
977 1615 1045 1680 fere
1068 1614 1103 1679 in
1127 1614 1193 1680 hae

170 1705 345 1771 latitudine
368 1707 418 1771 ita
439 1707 539 1770 fuerit
562 1707 748 1790 dispositio:
770 1705 853 1776 fiunt
875 1703 933 1770 Dc
956 1704 1064 1788 pedes.

260 1793 312 1858 34.
349 1791 445 1860 Nune
471 1797 715 1877 praetenturam
740 1796 779 1858 ut
802 1805 1048 1878 componamus,
1076 1813 1194 1858 nume-

170 1881 1194 2057 tt?‘ldtiltfflltaqtdttttqtttmlttttt

132 2081 159 2122 eo
173 2061 269 2126 debet
298 2061 350 2125 ala
376 2022 518 2126 miliatia
551 2061 653 2146 signis
685 2059 782 2144 pedes
811 2056 877 2142 Oh,
909 2059 1075 2124 tabulino*
1090 2058 1194 2142 pedes

172 2146 240 2212 ΒΟ.
284 2147 357 2216 Hae
380 2150 510 2214 'ratione
537 2149 635 2231 pedes
664 2146 717 2214 On
750 2147 895 2212 efficiunt
923 2146 1123 2232 semistrigia
1153 2146 1194 2212 V.

172 2237 304 2321 Aoeipit
335 2257 433 2320 eques
459 2236 510 2302 III
541 2237 641 2320 pedes
672 2236 708 2302 iu
738 2235 944 2320 longitudine
976 2235 1095 2320 pedum
1121 2233 1195 2320 DC,

174 2347 267 2390 sumo
290 2327 417 2408 partem
440 2325 586 2404 tertiam,
616 2329 654 2388 ut
676 2323 816 2389 habeam
843 2325 989 2408 equitum
1011 2345 1195 2408 numerum,

77 2433 162 2504 1331)ι
174 2414 229 2497 qui
251 2414 286 2476 in
310 2435 348 2478 ea
370 2409 584 2500 lonlgitudine
602 2414 749 2479 tendent:
772 2413 811 2478 fit
829 2409 896 2498 00,
920 2413 983 2478 erit
1001 2413 1195 2500 semistrigii

173 2569 403 2644 lsupplimentis
473 2568 690 2626 tlatitudinem
761 2569 817 2624 8D
837 2568 1053 2641 eentum-pedes
1127 2568 1196 2624 9in

173 2643 331 2714 pedituram
410 2647 445 2698 10
462 2641 550 2712 pedes
569 2643 725 2696 statuamus
799 2646 831 2697 11
848 2639 984 2711 explimns
1051 2639 1194 2710 praetoris

228 2732 305 2800 quod
327 2731 389 2787 alae
413 2748 483 2788 corr.
502 2715 762 2802 Serio'irt'irioir‘pp.
785 2729 840 2786 Bo
923 2736 956 2783 12
1001 2729 1196 2782 metenturam

174 2803 306 2857 tensurae
325 2804 390 2857 sunt
409 2820 477 2859 corr.
490 2801 544 2858 Sele
617 2808 650 2854 13
668 2800 794 2871 praetori
811 2800 899 2870 pedes
919 2797 985 2853 OOC
1055 2816 1124 2855 corr.
1140 2799 1196 2856 Sele

210 2871 346 2943 praetorii
364 2874 527 2932 oorr.Solm.
591 2878 625 2928 14
644 2869 762 2926 stationi
834 2870 975 2926 communi
992 2870 1156 2928 eorr.Solm.

177 3001 210 3052 15
229 2995 290 3054 rias
308 2994 431 3066 pedesh
450 3013 519 3053 eorr.
539 2995 622 3053 Solm.
699 2955 764 3049 ibae
782 2993 972 3050 latitudinem.
1048 3001 1080 3052 16
1099 2993 1193 3068 13077

175 3068 309 3125 oorr.Seb
382 3073 414 3122 1'1
434 3065 464 3120 id
483 3083 682 3138 componamus
701 3082 769 3122 corr.
780 3065 834 3123 eeu
906 3071 938 3120 18
957 3081 1019 3135 aeq.
1038 3067 1157 3122 alardum

178 3163 210 3213 19
229 3158 284 3211 ΙΙΠ
302 3157 397 3228 partes
417 3153 535 3212 dimidia
551 3156 579 3208 II
597 3173 666 3212 corr.
680 3155 735 3212 Sele
810 3159 845 3209 20
864 3153 969 3208 debent
987 3153 1033 3208 ele
1051 3171 1119 3212 oorr.
1139 3154 1194 3210 Set

212 3234 246 3283 21
261 3244 295 3283 ao
313 3227 423 3284 ratione
500 3225 653 3282 emistrioio
673 3225 785 3296 aceepit
802 3225 936 3282 condet
1013 3231 1047 3281 22
1066 3223 1192 3293 aequatas

176 3298 218 3351 ΙΠ
237 3299 287 3353 sed
302 3299 333 3353 in
345 3296 533 3369 longitudinis
552 3315 620 3356 corr.
636 3297 689 3354 Sele
760 3303 793 3352 23
812 3295 937 3351 habeant
954 3296 1079 3366 aequites
1097 3311 1193 3349 nume-

176 3387 239 3423 rum
257 3386 325 3426 corr.
345 3370 399 3428 seo
470 3374 505 3424 24
527 3367 559 3423 in
578 3386 610 3425 eo
629 3366 836 3438 longitudinem
854 3367 954 3422 tendet
972 3385 1040 3425 corr.
1059 3365 1113 3424 Set

420 3443 430 3482 r
539 3473 541 3476 .
737 3474 740 3479 .

178 3490 233 3547 erit
249 3491 369 3548 mistriei
387 3511 467 3548 unus.
