2486 3948
2 204 4 252 1

225 227 334 284 LIBER
352 228 401 284 DE
419 231 687 298 MUNITIONIBUS
708 233 937 290 CASTRORUM.
1045 231 1090 296 23

67 390 190 458 CCXX
207 395 320 477 potest
337 396 504 462 observari
522 397 558 463 in
576 397 824 484 longitudinem,
841 401 880 462 ut
901 396 1090 482 supradixi,

2 487 3 570 i
65 483 192 567 pedum
205 481 362 550 DOOXX.
400 483 542 552 Stationi
561 485 632 552 dari
651 489 782 570 oportet
805 484 981 551 secundum
999 507 1091 570 prae·

2 579 3 646 I
65 572 194 637 torium
217 571 315 658 pedes
332 571 402 655 XX,
426 579 468 662 et,
491 577 520 641 si
542 597 594 640 res
617 575 728 661 exigit,
750 574 848 659 pedes
866 573 898 638 X
919 574 1090 641 sufficient.

69 659 122 726 10.
146 659 234 726 Item
266 663 439 730 comitibus
471 665 680 749 imperatoris
711 664 817 730 nostri
849 685 870 728 a
898 663 1036 749 pedibus
1064 663 1091 728 L

7 823 10 835 Ι
66 771 176 835 usque
212 750 252 816 od
280 749 370 817 LXX
401 756 512 837 potest
546 753 726 839 observari,
761 753 796 817 in
829 775 893 837 qua
924 749 1186 840 pedalturainea,

1 794 6 909 i
66 839 238 924 praefecto
270 843 434 924 praetorio
465 842 571 926 primo
599 843 671 907 loco
701 865 721 906 a
747 843 802 908 via
830 842 1005 927 principali
1037 841 1117 907 ad·⁶

69 929 199 1015 signari
227 928 331 996 debet
374 931 574 1016 interposita
600 930 715 998 deinde
743 931 799 997 via
825 931 975 996 cohortes
997 953 1091 1015 prae-

68 1019 180 1082 toriae
210 1021 245 1082 et
278 1019 424 1104 reliquus
455 1039 624 1104 numerus,
659 1022 758 1104 prout
794 1018 923 1104 disponi
959 1019 1092 1104 debent3

69 1106 187 1171 libello
211 1107 418 1173 ostendimus.

167 1195 217 1260 11.
249 1195 326 1260 Aris
353 1197 513 1262 institutis
540 1197 576 1261 in
602 1195 666 1262 fori
696 1199 790 1281 parte
817 1196 885 1262 ima
916 1201 1133 1282 augurato-10

2 1285 3 1352 i
71 1283 160 1348 rium
183 1288 279 1368 parte
302 1284 417 1351 dextra
438 1286 597 1370 praetorii
621 1287 663 1352 ad
685 1285 773 1351 viam
796 1286 1010 1370 principalem
1035 1307 1092 1370 ap-

2 1377 3 1384 ’
71 1373 236 1457 ponimus,
258 1377 296 1438 u't
318 1373 382 1438 dux
404 1375 439 1439 in
461 1377 500 1440 eo
525 1375 697 1460 augurium
726 1378 814 1439 recte
838 1395 951 1458 capere
973 1376 1093 1458 possit3

2 1503 3 1510 ι
73 1464 170 1545 parte
192 1461 286 1527 laeva
306 1463 453 1528 tribunal
477 1464 642 1547 statuitur,
671 1465 709 1528 ut
732 1463 867 1547 augurio
891 1468 1023 1547 accepto
1046 1463 1094 1527 in-

75 1565 175 1633 super
197 1550 352 1616 ascendat
370 1557 403 1616 et
422 1552 600 1618 exercitum
618 1551 707 1616 felici
727 1551 872 1634 euspicio
889 1547 1093 1635 adloquatur.

2 1637 3 1640 ’
78 1639 129 1704 12.
152 1637 191 1703 In
213 1639 351 1705 introitu
372 1641 529 1724 praetorii
551 1641 656 1724 partis
679 1639 805 1704 medice
831 1639 872 1704 ad
896 1641 983 1704 riam
1005 1640 1134 1724 prin-1⁵

76 1727 217 1811 cipalem
240 1749 372 1813 gromae
394 1731 485 1793 locus
508 1729 702 1813 appellatur,
722 1733 727 1808 Ι
748 1728 1188 1812 quodturbuibicon·1nob¹

2 1859 3 1866 ι
78 1820 190 1901 gruat,
222 1819 290 1883 sive
322 1817 358 1881 in
389 1817 565 1883 dictatione
591 1822 754 1884 metarum
780 1818 889 1902 posito
917 1818 953 1882 in
981 1817 1094 1882 eodem

2 1933 3 1966 τ
77 1907 150 1971 loeo
167 1905 368 1972 ferramento
387 1925 503 1992 groma
522 1911 768 1992 superponatur,
788 1909 824 1970 ut
841 1909 955 1990 portae
974 1909 1095 1970 castro-

2 1993 4 2021 ³
78 2015 152 2060 rum
179 1995 214 2060 in
243 1999 420 2080 conspectu
447 1996 568 2080 rigoris
596 1995 727 2060 stellam
755 1994 907 2059 efficiant.
947 1993 993 2058 Et
1020 2013 1095 2076 pro·

79 2083 219 2148 fossores
243 2085 313 2149 eius
337 2084 418 2148 artis
441 2104 540 2148 causa
562 2104 660 2167 supra
684 2083 807 2166 scripta
825 2081 999 2166 gromatici
1018 2085 1095 2146 sunt
1109 2097 1136 2139 2⁰

81 2172 309 2257 cognominati.
357 2173 407 2237 13.
429 2171 512 2238 Viae
535 2171 711 2238 vicinoniae
734 2171 808 2236 ideo
827 2170 947 2236 dantur
967 2191 1096 2255 percur-

82 2265 187 2326 rentes
209 2261 357 2346 proxime
379 2261 574 2346 sagularcm,
596 2264 635 2326 ut
652 2261 692 2326 ad
711 2260 916 2345 eruptionem
937 2259 1096 2324 exercitus

3 2409 4 2412 ,
83 2349 220 2434 expediti
242 2350 396 2435 progredi
417 2351 553 2434 possint.
825 2365 830 2372 ’

172 2445 221 2508 14.
248 2441 344 2507 Nunc
370 2442 599 2525 praetenturae
626 2438 789 2503 rationem
816 2457 987 2520 exponam.
1032 2433 1097 2501 Via

84 2531 282 2618 principalis,
328 2549 411 2614 quae
447 2531 499 2592 est
534 2528 620 2590 inter
654 2530 767 2609 portas
809 2525 1023 2590 dexteriorem
1064 2526 1097 2588 et
1110 2539 1137 2580 rc

87 2697 103 2746 3
117 2689 250 2746 sufficent.
305 2680 518 2756 4inpcratorib.
537 2680 642 2735 nostris
661 2696 729 2736 corr.
740 2679 824 2736 Sotm.
886 2685 903 2734 5
917 2679 950 2732 ut
967 2677 1005 2733 ad
1023 2676 1098 2731 LXX

87 2759 192 2820 corui)
264 2763 280 2813 6
299 2761 420 2828 propi.
439 2770 508 2810 corr.
527 2752 582 2808 Set
653 2753 721 2806 outa
737 2749 908 2822 principalia
926 2764 997 2806 corr.
1017 2749 1044 2804 L

945 2833 955 2862 Ι

89 2893 104 2941 ⁷·
117 2884 238 2940 cohortis
250 2877 446 2954 praebetoriae
460 2893 529 2935 corr.
539 2876 594 2932 Set
630 2873 906 2960 Sdisponidelibello
921 2872 1098 2958 eptendimus

89 2957 169 3012 debet
185 2953 293 3012 cornL
367 2955 400 3006 10
414 2949 486 3004 aeris
501 2947 635 3005 eorr.Sct
693 2963 728 3028 ιιι
745 2945 864 3000 formam
881 2936 971 3016 partis
988 2944 1062 3028 imae

90 3033 120 3083 11
134 3024 338 3098 praetoriatura
355 3037 424 3080 corr.
441 3020 496 3077 ceu
549 3017 889 3087 1ragnov1museorr.L
938 3016 996 3070 dixi
1014 3015 1099 3068 nect

89 3115 152 3156 corr.
166 3097 332 3170 Rutpersiuo
348 3111 373 3149 o.
393 3091 446 3148 ocu
516 3090 613 3160 potest
631 3103 699 3146 corr.
719 3087 773 3146 ocu
854 3094 887 3143 13
902 3087 967 3143 leva
1042 3085 1099 3166 sta:

89 3169 157 3225 tuito
175 3169 209 3222 ut
263 3172 297 3221 14
311 3162 459 3234 thospicio
504 3166 538 3216 15
552 3158 700 3214 introitum
753 3159 893 3214 autviam
939 3164 972 3212 16
985 3154 1099 3211 turbabr

92 3235 354 3296 lidictationeetad
368 3232 474 3304 positio
488 3230 717 3288 corudotmcciuo
754 3237 787 3286 19
802 3230 984 3300 conspectum
996 3225 1099 3297 rigoris

92 3365 187 3422 stolam
241 3369 276 3418 1ο
291 3355 475 3432 professiorcs
547 3352 648 3425 scripti
719 3361 753 3410 11
767 3313 905 3437 inpuleris
923 3367 992 3408 corr.
1011 3350 1066 3407 oct

93 3435 125 3491 ab
142 3433 317 3505 eruptionem
389 3435 423 3484 23
437 3432 557 3498 possunt
633 3430 669 3480 14
689 3427 893 3496 praetenturae
912 3440 980 3482 corr.
997 3422 1052 3480 Set

91 3505 169 3563 viam.
240 3509 275 3560 25
289 3501 389 3572 quaest
407 3516 475 3556 corr.
496 3499 577 3557 Pout.
