2486 3948
131 223 189 288 24·
568 221 701 278 unani
1226 184 1237 303 l

132 386 363 470 sinistriorcm,
396 407 479 470 quae
507 407 528 450 a
554 384 723 469 principiis
754 407 873 451 nornen
904 383 1045 468 obtinet,
1079 405 1151 449 esse
1229 378 1238 445 l

35 474 231 562 asanaa
257 474 429 540 latitudine
456 471 591 561 caldam,
623 495 688 558 qua
711 495 791 557 opus
818 473 936 558 pedum
958 471 1030 556 LX,
1062 473 1154 556 quod
1229 458 1239 559 l

133 567 184 628 est
206 563 439 648 interuallum
462 565 496 628 et
518 563 663 648 legiones
687 566 721 627 et
742 562 815 626 ideo
835 561 1027 647 quibusdam
1049 561 1154 626 inter-

132 653 254 718 vallum
282 656 334 718 est
356 652 628 736 cognominatum.
673 650 757 716 Item
784 651 851 735 via,
884 673 966 736 quae
993 649 1082 718 ducit
1110 650 1155 715 ad
1236 678 1243 733 3

106 745 263 825 sportam
285 740 485 825 praetoriam
501 775 539 786 -
556 763 576 804 a
594 740 760 824 praetorio
784 739 854 804 sine
872 739 970 805 dubio
990 739 1043 804 via
1060 760 1156 822 prae·
1242 738 1243 741 ’

132 831 220 894 toria
242 829 370 894 ducitur
393 865 435 876 -
459 828 631 894 latitudine
660 832 696 894 ut
719 841 818 913 supra
840 827 957 912 pedum
979 826 1050 906 LX,
1077 850 1156 912 pro-

133 921 207 1002 pter
230 940 327 1001 quarn
350 918 459 1002 rigore
481 921 632 984 tonsurae
661 939 739 984 suae
763 917 945 1001 superiores
968 916 1093 1001 strigae
1117 917 1156 982 in

132 1007 290 1091 praetorii
314 1028 372 1072 ora
393 1027 461 1073 non
483 1010 688 1091 percurrunt,
712 1007 866 1091 quoniam
889 1005 930 1070 ad
953 1006 1039 1070 uiam
1057 1026 1156 1088 prae-

132 1095 253 1160 toriam
276 1095 372 1180 signa
395 1099 541 1180 spectare
564 1095 738 1161 debebunt.

20 1212 23 1216 ·
94 1202 121 1242 ιο
226 1183 276 1248 15.
298 1183 457 1248 Dabimus
480 1185 591 1269 itaque
613 1185 701 1248 iutra
723 1183 811 1248 viam
829 1183 1044 1266 principalem
1063 1181 1155 1267 lega·

133 1272 178 1336 tis
196 1271 401 1355 pedaturam,
425 1272 510 1355 quod
529 1293 696 1336 scamnum
711 1276 762 1337 est
775 1272 974 1356 appellatum
986 1291 1046 1335 nec
1064 1291 1153 1335 oom-

134 1360 242 1425 munis
266 1360 442 1446 striganum
465 1360 674 1426 dictationem
693 1360 882 1425 metationis
901 1359 1001 1424 habet
1019 1361 1155 1442 propter

37 1468 120 1536 13011
134 1449 301 1536 legionum
321 1449 326 1532 Ι
346 1470 515 1514 numerum
533 1449 703 1526 incertum,
727 1448 814 1532 quod
832 1469 961 1530 semper
980 1447 1154 1512 latitudine

136 1561 156 1602 a
179 1538 314 1622 pedibus
338 1537 366 1602 L
388 1537 429 1602 ad
452 1537 572 1603 LXXX
600 1537 767 1604 observari
795 1536 940 1620 debebit,
971 1539 1069 1621 prout
1093 1557 1153 1600 nu·

95 1645 244 1692 lemarus
272 1627 438 1710 legionum
467 1626 616 1692 effecerit.
660 1625 700 1692 In
727 1647 791 1711 quo
819 1625 944 1690 tribuni
967 1624 1153 1690 cohortium

134 1715 372 1799 praetoriarum
395 1715 526 1780 tendere
549 1715 667 1782 solent.
706 1713 865 1780 Similiter
886 1713 1028 1779 tribunis
1052 1713 1154 1798 legio-

135 1825 214 1868 num
241 1803 376 1869 inferius
405 1803 570 1888 adsignari
598 1803 706 1886 debet,
739 1802 825 1888 quod
855 1824 957 1886 aeque
984 1823 1155 1867 scamnum

136 1891 270 1976 dicitur3
293 1915 313 1958 a
336 1913 400 1977 quo
423 1893 477 1958 via
500 1893 695 1976 interposita
718 1892 789 1956 alae
812 1891 971 1956 miliariae
990 1892 1042 1955 vel
1060 1890 1155 1974 quin-

137 1981 288 2066 genariae
312 1985 345 2046 et
367 1981 531 2066 deinceps,
558 1985 655 2066 prout
683 1980 819 2066 quisquc
846 1977 979 2044 tendere
1006 1978 1182 2062 debebit3.

95 2089 122 2130 so
136 2071 171 2133 in
193 2069 300 2136 forma
322 2071 529 2136 subiecimus.

228 2159 278 2223 16.
310 2156 420 2242 Nunc,
447 2163 485 2224 ut
508 2181 566 2224 suo
590 2159 729 2223 referam
752 2157 839 2240 loco,
867 2156 908 2222 ad
936 2157 1024 2222 alam
1046 2155 1156 2220 milia·

135 2245 228 2312 riam.
261 2245 400 2312 Turmas
419 2246 521 2311 habat
533 2244 676 2329 XXIIII,
698 2245 734 2310 in
757 2245 804 2310 eis
828 2245 1025 2328 decuriones,
1047 2243 1157 2326 dupli·

137 2335 230 2419 carii,
255 2334 505 2418 sesquiplicarii:
533 2335 633 2419 idem,
661 2333 717 2419 qui
740 2337 774 2398 et
796 2355 950 2399 numerus
972 2337 1155 2398 turmarum

40 2445 123 2572 ¹³⁰3}
136 2419 1156 2596 {lttltlttllalltfflslltllttlllllllltffi

137 2722 309 2794 1pn'ncipes
328 2739 397 2780 corr.
409 2721 463 2780 sca
534 2721 596 2792 opti
614 2737 683 2777 corr.
694 2721 721 2774 L
782 2720 982 2776 racundiae
1001 2718 1119 2774 eandem

130 2800 152 2848 -3
167 2793 235 2847 hals
288 2793 470 2848 interballum
489 2793 533 2846 est
551 2792 765 2861 cognominatus
820 2791 899 2845 4via
952 2788 1156 2860 opraeturiam

170 2863 202 2917 in
219 2864 363 2934 praetorio
381 2881 449 2920 corr.
460 2862 515 2919 Scit
578 2861 759 2918 clatitudine
823 2861 931 2930 lqnod
948 2861 1071 2932 rigorem
1090 2877 1155 2916 cen-

137 2951 200 2990 sure
219 2951 287 2990 corr.
307 2935 460 3006 Rapasias
478 2939 503 2990 et
521 2933 575 2989 sa
656 2931 807 3002 superioris
826 2931 922 3002 strigis
941 2949 1010 2988 corr.
1029 2931 1084 2988 aa

137 3011 154 3060 8
172 3005 359 3076 praetoriinra
377 3023 444 3061 corr.
456 3005 511 3062 Sole
575 3010 608 3061 12
626 3002 827 3058 indicationem
845 3001 1034 3058 moetationes
1051 3003 1157 3058 habere

137 3076 271 3134 caasa
325 3082 358 3130 13
392 3077 488 3146 ropter
501 3079 549 3148 Π
568 3075 700 3132 cerasa
754 3073 831 3142 quod
848 3090 904 3137 non
923 3091 1033 3144 semper
1047 3074 1155 3130 curali

176 3155 209 3203 14
222 3147 265 3203 lat
282 3147 328 3202 LX
401 3163 469 3202 corr.
484 3147 637 3202 Scriverius
655 3148 688 3210 ia
700 3163 761 3200 mar
780 3145 861 3201 iaeA
917 3151 950 3201 16
964 3144 1120 3200 lectionum

138 3218 253 3273 tribuno
319 3224 351 3272 16
365 3216 472 3272 tribuni
490 3217 635 3287 legionum
690 3222 724 3273 18
769 3215 811 3270 ‘aa
830 3215 968 3270 miliarias
1023 3213 1155 3286 ganariae

139 3305 208 3344 corr.
223 3289 302 3344 Serio
375 3295 408 3344 19
423 3287 485 3356 quis
504 3287 620 3343 tendere
685 3286 820 3342 maliem
892 3294 926 3343 22
940 3290 1045 3342 tonnas
1100 3282 1156 3337 eis·

139 3359 203 3414 dem
222 3359 349 3414 curiones
368 3372 375 3380 ‘
412 3365 447 3414 23
462 3358 612 3429 scxplicari
630 3375 699 3414 corr.
710 3358 794 3415 Solm.
866 3361 1020 3412 turmarum
1038 3353 1157 3408 sanum

139 3430 248 3486 corr.L
318 3437 354 3486 24
372 3431 402 3495 et
419 3445 490 3499 qnos
544 3428 684 3500 duplicari
703 3430 733 3484 et
751 3426 966 3498 sesquinplieari
983 3425 1064 3482 vinos
1084 3441 1155 3482 corr.

139 3501 223 3558 Salar.
296 3507 331 3556 25
349 3517 502 3572 aequorum
