2486 3948
509 245 727 306 PRAEFATIO.
1086 247 1127 310 11

104 410 311 496 praetoriam
342 408 456 476 tendit
510 407 574 476 Sed
602 409 631 476 si
654 410 794 494 quinque
822 410 875 474 vel
903 431 960 478 sex
982 409 1128 496 legiones

105 502 265 582 acceptae
287 498 418 601 fuerint,
441 498 518 583 quid
535 495 607 564 dim
624 497 737 583 lenge
756 497 880 564 faciet?
916 499 989 584 ugo
1012 500 1129 585 scripsi

105 589 281 656 eohortem
296 588 466 672 peremptis
496 587 536 653 ed
559 608 628 652 rem
649 591 776 653 correct
777 587 850 654 ione
874 589 1129 656 accommodata.

104 677 252 744 Munere
272 677 440 760 legionum
468 697 589 779 nequeu
595 675 746 742 dicuntur
774 676 901 744 cohorti
924 677 1047 762 primae
1070 700 1129 744 neo

109 766 236 852 legioni
259 767 335 849 toti,
359 764 414 832 sed
437 765 607 850 principiis
630 765 733 830 totius
761 765 900 851 legionis
927 763 1045 852 (utitur
1067 766 1129 834 hoc

109 856 212 920 verbo
225 815 377 940 Hyginus
401 875 426 920 c
443 852 689 941 14),etewab11s
714 854 754 920 ed
778 855 940 922 centurius
963 855 1128 940 perferun-

107 948 175 1010 tur.
210 942 300 1008 Idem
323 963 401 1008 usus
423 943 458 1008 ιιι
481 941 675 1010 exercitibus
697 945 829 1012 nostrae
853 944 970 1011 cesus
994 944 1099 1011 duret.

200 1053 228 1096 c.
245 1032 299 1098 25.
343 1032 450 1114 Eques
481 1036 585 1096 cutem
615 1029 767 1116 (misit)
799 1032 859 1098 duo
890 1040 980 1098 rents
1011 1035 1129 1100 adiectu

0 1193 1 1196 Ἴ
109 1123 236 1204 quinto]
270 1119 382 1188 Verbo
410 1142 493 1204 queo
520 1123 597 1184 sunt
620 1119 695 1186 ³duo
723 1121 821 1188 semis
849 1120 976 1186 adiecta
1004 1121 1128 1206 quinte’

112 1210 195 1276 setis
217 1209 355 1276 obscure
371 1209 465 1276 dicte
488 1213 572 1274 simt.
616 1207 735 1292 Erunt,
763 1209 818 1292 qui
842 1208 979 1280 ‘adiecta
1002 1210 1128 1296 quinte'

0 1339 1 1384 3
108 1301 191 1366 item
214 1299 515 1383 interpretereutur,
542 1302 579 1364 ut
601 1298 701 1384 paulo
724 1301 815 1382 ente,
842 1299 899 1366 ubi
922 1300 1062 1384 scriptor
1090 1300 1129 1365 de

0 1387 1 1410 ³
106 1387 219 1472 pedite
243 1388 321 1471 egit
344 1385 501 1471 ³quintem
523 1387 614 1472 pedis
637 1385 787 1471 partem'.
831 1386 871 1452 In
894 1389 1011 1470 quibus
1035 1392 1130 1453 eraut

110 1477 212 1544 etiem
234 1473 349 1542 Schele
373 1480 414 1558 οι,
443 1497 539 1561 quem
561 1475 672 1560 Lange
694 1476 800 1559 p.177
815 1474 905 1559 citet,
927 1475 1021 1543 Nost
1067 1475 1130 1542 Sed

108 1565 225 1649 Lange
253 1565 275 1631 l
297 1564 319 1630 1,
347 1564 433 1632 henr
466 1565 605 1633 sentcnt'
596 1585 662 1628 rem
694 1563 850 1628 refutavit
835 1566 903 1630 to
927 1564 970 1630 26
1003 1563 1130 1650 Hygini

108 1654 244 1720 rerba
234 1654 379 1720 mveuier
403 1653 449 1718 ιιι
471 1653 601 1736 pedem,
631 1651 718 1737 quod
740 1652 860 1768 accipit
881 1653 989 1738 mites,
1015 1654 1129 1740 redigo

109 1743 154 1808 ed
181 1741 247 1806 duc
275 1743 388 1826 semis,
425 1741 510 1825 quod
538 1741 657 1896 accipit
686 1739 805 1826 eques’‚
838 1743 961 1808 omittit
988 1744 1128 1826 scriptor

109 1831 260 1916 qumtem
283 1835 315 1896 e
338 1830 459 1915 peditis
487 1833 521 1896 et
548 1833 638 1915 equit
638 1830 731 1914 is‚e
713 1829 885 1916 etLenge
912 1834 1001 1898 recte
1030 1833 1129 1897 edicit

112 1918 214 2004 ³qucd
238 1921 330 1986 selue
345 1920 575 2022 proportione
574 1920 681 1986 iecere
700 1941 767 1984 non
782 1920 906 2002 potuit,
927 1920 992 1985 nisi
1015 1919 1130 2002 quinte

110 2007 232 2093 pedum
250 2008 387 2074 duorum
401 2009 499 2074 semis
513 2006 732 2090 intellegenda
746 2007 853 2073 esret’.
882 2005 947 2071 Sed
959 2029 1001 2072 ne
1010 2005 1130 2092 Lengii

109 2097 242 2181 quidem
260 2098 454 2181 interpretat
439 2095 486 2162 tio
502 2095 651 2162 omnibus
667 2095 813 2160 numeris
828 2095 958 2162 absolut
960 2096 1129 2163 evidetur.

1 2265 3 2274 ἱ
109 2185 257 2252 Primum
279 2186 411 2270 quidem
434 2184 603 2268 concedes,
629 2185 794 2252 nominem
821 2207 881 2268 pro
909 2185 1015 2252 tribus
1039 2187 1128 2269 pedi·

1 2289 2 2312 ¹
112 2275 174 2338 bus
198 2275 303 2340 dicero
328 2275 391 2340 duo
416 2275 513 2340 semis
536 2274 663 2340 edioote
686 2274 813 2358 quinte3
836 2274 950 2342 deinde
970 2276 1129 2340 terminus

1 2379 2 2392 ¹
110 2361 249 2428 ‘ediecte
213 2362 408 2447 tquinte',
436 2364 564 2448 secpius
588 2363 755 2447 quidem
745 2386 780 2428 ιιι
807 2366 921 2430 nostro
951 2355 1127 2446 usurpatus

1 2473 2 2536 ᾗ
112 2455 172 2535 θοι,
194 2456 325 2536 prester
346 2457 497 2518 nostrum
519 2451 671 2517 locumc
686 2450 898 2535 esstote,
921 2451 978 2518 sed
1002 2473 1129 2535 semper

105 2540 150 2604 de
168 2540 285 2625 pedi-te,
301 2562 462 2626 nusquam
481 2540 520 2604 de
539 2541 654 2622 capite,
674 2541 816 2604 immeo.
832 2540 927 2604 leet
893 2543 970 2604 eto.
985 2540 1029 2604 34
1047 2541 1129 2624 legi-

110 2651 197 2714 mus,
221 2630 362 2713 equitem
380 2634 441 2694 tres
453 2629 545 2710 pedes
566 2626 740 2711 accepissem
764 2626 892 2709 omitto,
916 2627 1128 2710 quodnostro

110 2717 184 2784 loco
217 2718 273 2782 ille
304 2717 463 2784 terminus
495 2738 561 2782 non
593 2716 739 2800 quintam
770 2714 862 2799 pedis
894 2719 1036 2800 purtem,
1072 2716 1151 2780 sed

110 2805 280 2872 dimidium
304 2807 510 2892 significaret
557 2803 679 2872 Contra
707 2805 798 2869 selvo
826 2825 921 2870 sensu
948 2805 1007 2872 ille
1029 2805 1129 2870 verbe

106 2896 272 2960 removeri
292 2899 440 2980 possunt
477 2895 525 2960 Re
544 2916 624 2962 vere
643 2894 762 3010 accipit
780 2913 878 2977 eques
901 2896 974 2960 tent
975 2916 1030 2962 um
1048 2895 1128 2960 duos

110 2983 210 3068 pedes
234 2988 267 3050 et
289 2983 460 3050 semissem
484 2983 523 3049 cf.
543 3005 568 3050 c
584 2984 625 3048 16
640 3005 688 3048 er.
712 2979 758 3046 ³in
779 3003 820 3048 eo
842 2981 922 3066 pede
946 2984 1128 3068 praefectus

108 3073 182 3138 elce
205 3072 396 3156 pedeturam
419 3073 571 3156 accipiet,
602 3075 636 3137 et
662 3070 857 3156 principales
885 3093 996 3138 eorum
1020 3071 1128 3154 aliquo

110 3161 218 3228 laxius
242 3161 391 3244 tendent,
414 3161 560 3246 alioquin
582 3160 704 3246 singuli
726 3160 822 3226 binos
845 3160 942 3244 pedes
965 3163 999 3224 et
1017 3160 1128 3225 semis·

112 3272 165 3316 ses
184 3249 390 3335 acciperent',
407 3249 504 3334 pedes
519 3253 627 3316 eutem
640 3249 756 3334 pedem
767 3249 896 3316 edieote
910 3248 1034 3333 quinte,
1050 3270 1129 3316 nem

111 3339 355 3406 centurionibus
380 3337 481 3402 ‘locus
503 3338 612 3422 detur,
643 3339 699 3423 qui
725 3342 899 3422 propterte
925 3359 1045 3404 recuus
1069 3342 1129 3422 est,

111 3427 200 3511 quod
217 3449 283 3494 non
299 3428 373 3512 100,
395 3426 452 3492 sed
466 3427 509 3493 80
527 3427 648 3492 milites
666 3427 701 3492 in
720 3427 864 3494 centurie
879 3425 967 3492 sunt'
978 3424 1128 3512 (Lange).

110 3515 201 3603 Ergo
225 3521 284 3602 cst,
308 3516 394 3601 quod
417 3515 504 3582 inter
526 3538 560 3582 se
579 3517 762 3600 compereri
779 3516 907 3601 possint
925 3537 982 3601 pes
1001 3516 1128 3584 adiecta
