2486 3948
136 252 179 317 10
533 247 749 306 sermono,

135 415 208 480 vide
230 413 321 479 illius
344 413 564 479 temeritatem
588 409 832 498 ‘Suessanum
860 433 945 496 quae
966 433 1029 477 uox
1052 415 1154 480 semel

134 507 264 569 tantum
287 504 323 568 in
345 503 556 588 inscriptione
580 502 666 586 apud
689 501 816 568 Gruter.
840 502 914 585 648,
935 502 955 566 8
978 501 1155 588 invenitur,

35 658 39 668 .
136 611 200 678 quo
224 593 367 676 cnloco,
394 591 470 677 quid
495 591 741 676 significaverit,
769 588 904 655 mini-me
931 591 1073 674 perspici
1096 613 1154 676 po·

135 685 211 765 test,
240 679 395 746 audacter
417 681 451 744 in
474 683 602 744 textum
624 679 756 764 recepit.
801 677 885 742 Mihi
908 679 1040 762 qrridem
1061 680 1157 746 locus

134 769 328 836 insanabilis
360 766 544 848 videbatur,
581 767 682 834 donec
714 769 749 832 in
777 766 918 852 Vegetio
950 768 985 832 in
1016 769 1153 834 verbum

134 858 400 941 supernumerarii
432 857 562 941 saepius
593 857 770 942 repetitum
796 855 928 920 incurri.
973 854 1155 942 Quinquies

134 948 192 1013 illo
215 939 373 1032 Vegetius
397 947 513 1012 utitur:
543 945 609 1028 111,
633 947 758 1012 rubis.
789 943 921 1031 111,ae
942 944 1003 1010 bis.
1034 944 1081 1029 ΙΙ,
1104 948 1156 1031 19,

135 1058 230 1121 quern
249 1036 357 1102 locum
376 1035 571 1101 exscribam:
597 1034 736 1100 ‘accensi
757 1034 821 1099 hoe
840 1035 892 1097 est
908 1036 1024 1117 postea
1042 1033 1157 1121 additi,

136 1147 233 1209 quam
255 1125 374 1190 fnisset
395 1124 483 1209 legio
504 1124 681 1208 complete,
704 1145 785 1209 quos
803 1143 892 1187 nunc
907 1141 1156 1205 supernumera-

134 1214 202 1280 rios
224 1212 364 1278 uocant'.
410 1211 585 1297 Confiteor,
607 1213 747 1278 multum
769 1212 805 1276 in
823 1209 956 1296 vegetii
978 1211 1090 1276 verbis
1113 1213 1156 1278 ad

134 1301 403 1386 perspicuitatem
426 1300 617 1384 desiderari,
639 1302 696 1366 scd
718 1321 814 1366 nemo
834 1321 901 1366 non
919 1299 1021 1383 ridet,
1043 1323 1157 1384 snper·

134 1391 337 1458 numerarios
364 1393 492 1475 partem
515 1390 678 1475 quandam
703 1389 836 1454 illorum
858 1390 1044 1471 temporum
1067 1407 1159 1458 exer·
1228 1419 1241 1444 ο

137 1481 220 1546 citus
244 1480 355 1546 fuisse.
399 1479 445 1546 Et
466 1477 620 1566 Hyginus
647 1499 715 1544 non
741 1478 790 1542 ita
816 1477 957 1542 multum
980 1499 1000 1542 a
1022 1476 1157 1563 Vegetii

135 1572 242 1634 aetate
275 1569 378 1634 distat
408 1569 448 1634 cf.
475 1579 506 1652 p.
534 1569 564 1634 3.
622 1565 794 1634 Eiusmodi
820 1564 1000 1644 notionem,
1043 1567 1156 1649 qualis

134 1657 233 1722 verbo
256 1658 521 1739 mammarii
542 1659 639 1742 inest,
659 1678 725 1722 non
748 1655 888 1720 alienam
911 1675 981 1720 esse
1004 1677 1024 1718 a
1044 1654 1154 1720 tribus

134 1743 261 1829 Hygini
284 1746 382 1829 locis,
409 1765 490 1829 quos
514 1767 613 1829 supro
641 1743 840 1826 enumeravi,
871 1742 1025 1808 concedes
1047 1761 1156 1828 nsque

135 1833 304 1898 Arceriani
335 1834 466 1900 litteras
493 1834 592 1898 nimis
619 1835 814 1916 repugnant.
858 1831 922 1898 Pro
945 1837 982 1896 ut
1002 1829 1061 1918 (A)
1085 1853 1156 1898 cor·

135 1922 205 1988 rexi
227 1922 281 1988 sahi
303 1927 345 2007 et,
368 1922 454 2008 quod
472 1921 601 1988 facilius
619 1922 791 1988 uidebatur
809 1939 908 2003 quarn
925 1919 1044 1986 inicere
1061 1939 1157 2003 super

137 2009 288 2098 (Lange),
310 2015 483 2096 praeterea
503 2011 590 2078 idom
609 2008 755 2092 fficium,
778 2031 878 2094 quum
897 2009 1048 2074 cohortes
1066 2011 1156 2094 eqni-

135 2102 223 2166 tatae
256 2105 290 2165 et
322 2101 488 2182 peditatae
520 2101 562 2166 nd
593 2101 682 2166 viam
715 2098 907 2184 quintanam
938 2101 1084 2181 spectent
1120 2102 1156 2164 et

135 2188 427 2272 supamumersriis
454 2189 672 2272 gentibusque
698 2187 782 2252 nihil
803 2185 1006 2270 relinquatur
1028 2187 1093 2252 nisi
1115 2192 1156 2252 ut

135 2276 176 2342 ad
199 2276 285 2342 viam
308 2275 494 2357 angularem
516 2279 671 2359 spectent.

226 2387 253 2430 c.
271 2365 324 2430 20.
364 2363 493 2431 Solone
525 2365 696 2431 maaca
720 2363 902 2446 pmoopiis,
937 2363 992 2430 abi
1021 2383 1157 2430 manera

135 2454 288 2537 monum
310 2454 464 2538 dictabo,
485 2455 523 2519 io
543 2473 668 2520 scamno
692 2453 860 2536 lepotorma
885 2457 991 2518 cocao
1013 2454 1156 2535 accim

135 2544 208 2608 dari
229 2542 352 2625 dehent]
374 2539 414 2607 In
436 2543 468 2610 A
490 2543 611 2630 legitur
631 2541 751 2608 alatae
772 2541 903 2608 eaeo
918 2542 1044 2626 primm,
1067 2543 1156 2626 quod

1 2639 2 2706 ξ
135 2631 248 2718 Lange
270 2632 320 2699 ita
343 2632 529 2699 emandavit
550 2632 669 2698 sonae
694 2630 866 2697 cohortibus
883 2632 1006 2712 mauis.
1052 2628 1154 2696 Ouios

136 2722 310 2804 explicatio
333 2723 451 2806 p.170
474 2721 572 2804 digna
595 2725 656 2804 est,
677 2741 759 2804 quac
777 2719 918 2802 legatur:
943 2717 1083 2786 ‘dativus
1102 2741 1155 2784 co-

134 2808 285 2874 hortibus
305 2809 419 2892 primis
437 2809 558 2894 pendet
576 2831 595 2872 a
613 2809 745 2875 notione
759 2806 952 2890 contrariae,
970 2827 1052 2892 quae
1066 2810 1155 2874 inest

135 2898 170 2962 in
197 2897 305 2962 verbis
337 2903 454 2964 contra
485 2895 649 2982 aquilam'.
706 2895 784 2960 Non
810 2895 912 2980 igitur
939 2897 1044 2961 sensit
1071 2920 1101 2963 v.
1124 2898 1155 2964 d.

134 2986 196 3051 tali
219 2985 434 3069 explicatione
457 2987 625 3053 notionem
640 2982 845 3051 ‘contrariae'
868 2983 919 3048 bis
942 2990 1056 3050 nostro
1079 2986 1154 3052 loco

1 3105 2 3156 p
135 3075 308 3158 vindicari,
336 3074 479 3158 primum
505 3076 612 3141 verbis
641 3072 841 3139 ‘cohortibus
867 3072 1004 3157 primis',
1040 3073 1156 3140 deinde

1 3159 2 3246 Ϊ
136 3161 262 3229 ‘contra
290 3161 455 3248 squilam’.
505 3162 641 3230 Maioris
670 3161 829 3228 momenti
861 3165 924 3247 est,
957 3162 1044 3247 quod
1071 3183 1153 3246 qnae

1 3252 2 3275 ¹
134 3250 247 3335 Lange
269 3252 430 3336 postulet,
455 3251 527 3335 ipse
550 3274 615 3317 non
637 3254 748 3335 potest
771 3249 907 3316 efficere.
952 3249 1022 3316 lam
1044 3250 1078 3313 in
1101 3270 1152 3312 oa-

136 3340 213 3405 stris
233 3342 334 3406 trium
352 3340 519 3426 legionum
536 3361 602 3406 non
620 3343 731 3425 potest
747 3339 827 3423 fieri,
849 3342 888 3404 ut
906 3339 1035 3405 scholae
1055 3337 1152 3401 simul

116 3429 251 3514 ¹primis
269 3429 464 3496 cohortibus
488 3430 669 3494 contraries
697 3431 731 3494 ct
755 3429 791 3494 in
814 3444 945 3494 scamno
968 3426 1152 3510 legatorum

136 3519 217 3601 sint,
250 3536 327 3584 narn
355 3513 473 3584 tertias
504 3517 644 3602 legionis
674 3518 780 3601 prima
807 3514 923 3581 cohors
955 3514 995 3579 ad
1022 3519 1153 3608 portam
