2486 3948
153 236 176 300 4
554 237 770 295 Patauino.

152 399 349 466 Arcerianus
373 400 474 467 habet
497 401 662 467 latitudine
677 404 794 484 pedum
808 401 910 491 CXX,
933 405 990 471 sed
1006 427 1079 471 oum
1098 405 1171 490 Η-
1238 399 1240 476 ι

153 489 249 574 girus
277 492 393 576 pergat
419 511 495 556 ιιιιι
520 491 604 592 qaod
628 492 672 556 ud
697 492 893 559 ιιιιιιιιιιιιιιιιι
919 495 1098 578 rompono
1115 517 1173 578 pe·
1238 483 1240 570 ι

152 579 227 644 dum
240 579 345 644 ΧΧΧ
357 579 610 664 odenetpriore
628 580 701 646 loeo
719 600 785 645 non
799 585 837 645 de
852 583 1035 667 latitudine,
1058 583 1115 648 sed
1130 585 1172 648 de
1239 639 1240 642 ,

152 668 358 754 longitudine
373 669 442 752 agit
443 691 489 734 ur.
521 667 593 732 Iam
607 666 773 734 Goesius
763 690 799 732 m
812 668 946 757 Antiqq.
962 693 1067 758 agrar.
1085 695 1116 756 p.
1127 673 1174 738 95
1205 744 1210 755 ¹

91 791 93 795 ,
151 756 238 822 huno
265 756 476 822 manifestum
497 757 625 822 librarii
655 779 796 823 errorem
820 759 1014 826 emendavit.
1059 759 1174 846 Lange
1239 819 1240 824 ,

152 845 325 929 quidem
315 868 349 910 ιιι
382 845 614 912 commentario
647 845 854 932 Hyginianae
886 847 966 914 edit
939 849 1025 914 troni
1057 849 1171 916 addito
1237 847 1240 870 ¹

150 956 181 1018 p
194 933 258 999 105
282 934 445 1000 latitudine
467 935 596 1019 retinet,
620 934 705 1019 quod
728 941 892 1001 οιιιιιιιιιιι
915 933 973 1022 (Α)
997 938 1103 1023 magis
1129 939 1172 1004 ad
1238 935 1240 1016 ἶ

151 1021 357 1088 latitudinem
376 1045 475 1108 quam
489 1023 529 1088 ad
543 1022 781 1108 longitudinem
794 1025 910 1091 referri
923 1026 1079 1092 videatur.
1106 1025 1174 1092 Sed
1238 1047 1240 1112 ι

150 1133 191 1176 ne
220 1118 386 1178 οιιιιιιιιιιι
416 1110 547 1196 quidem
578 1115 665 1177 reete
695 1135 730 1178 se
757 1112 866 1178 habet.
910 1111 1002 1180 Non
1019 1115 1173 1182 absolute
1210 1126 1212 1129 ’

150 1199 214 1265 dici
236 1221 307 1300 po
281 1203 360 1265 tzest
384 1201 528 1265 tentoria
551 1206 733 1286 occurrunt,
761 1203 892 1267 etiamsi
914 1202 1025 1289 Lange
1048 1205 1068 1268 l.
1087 1225 1112 1270 c.
1136 1205 1173 1269 id

149 1288 244 1354 nobis
268 1273 558 1372 persuaderet
488 1289 565 1354 vult.
603 1289 724 1372 Recepi
748 1289 936 1357 ‘t’decurrem
941 1314 1171 1377 ,quamquam
1237 1319 1240 1348 ι

149 1383 307 1462 occupant,
329 1377 415 1463 quod
438 1377 579 1494 scriptor
602 1377 723 1442 codicis
747 1377 834 1443 Bm
858 1385 1006 1464 margine
1029 1381 1076 1446 ita
1097 1380 1169 1445 lau·
1220 1383 1224 1390 '

150 1465 207 1532 dat
229 1465 291 1534 Νι
309 1465 491 1551 occupant,
513 1466 548 1532 in
570 1466 678 1532 locum
700 1471 851 1533 nostrum
874 1470 996 1552 optime
1021 1469 1171 1572 quadrat,
1239 1473 1240 1482 ’

150 1555 238 1620 sed
228 1578 301 1640 ipsa
323 1554 461 1620 illat
403 1559 461 1620 no
463 1577 482 1620 a
505 1555 694 1640 marginalis
725 1559 777 1620 sat
778 1555 806 1620 is
829 1555 1034 1638 demonstrat
1057 1558 1172 1644 genui·

148 1666 226 1709 nam
243 1645 418 1710 lectionem
437 1666 507 1710 esse
523 1643 718 1710 οιιιιιιιιιιι.
746 1643 918 1711 Decurrere
932 1668 998 1710 non
1013 1647 1172 1712 abhorret
1238 1673 1240 1716 ς

150 1733 192 1797 ab
216 1732 476 1818 agrimensorum
495 1755 653 1817 sermone,
675 1730 816 1818 Lange
806 1735 916 1818 rpsel.
931 1757 957 1800 c.
976 1735 1070 1801 affert
1083 1735 1171 1821 Agg.
1239 1733 1240 1780 5

149 1819 229 1886 Urb.
252 1845 283 1906 p.
301 1822 345 1886 46
369 1821 521 1888 editionis
544 1821 837 1886 Lachmannianae.
1238 1891 1240 1902 .

238 1911 386 1994 pacorum
413 1912 568 1976 contenet
554 1911 738 1992 ιιιιιιιιιιι]
713 1909 943 1975 tArceriani
971 1910 1172 2062 scripturam

149 2020 218 2066 cum
249 2001 512 2084 waproctcnderet
537 1997 690 2086 Lange
680 2021 716 2064 m
746 1999 833 2066 hune
864 1998 996 2064 modum
1028 2021 1083 2062 mu
1084 1999 1173 2064 tavit

148 2109 218 2153 cum
240 2090 515 2196 compraetcndaot.
496 2087 642 2154 esec
632 2110 703 2172 rpse
722 2087 904 2172 confitetur,
927 2088 1062 2152 verbum
1082 2109 1171 2152 com·
1239 2099 1240 2102 ’

147 2175 359 2260 praetendere
383 2197 452 2240 esse
479 2171 533 2239 ἆιι.
557 2175 744 2261 εἰρημένον.
791 2175 884 2251 Quod
909 2175 977 2240 eius
1000 2176 1171 2264 notionem
1239 2199 1240 2204 ¹

149 2265 310 2349 explicare
333 2285 430 2348 posse
458 2263 522 2328 sibi
544 2263 676 2328 videbat
661 2266 716 2328 ur
737 2285 770 2346 p
791 2264 864 2347 107,
894 2263 1030 2330 infelicit
1016 2269 1066 2330 ter
1089 2285 1130 2328 ea
1109 2266 1171 2348 ιι.

149 2351 210 2419 Oui
233 2353 318 2418 enim
341 2351 558 2503 persuadebit
587 2353 622 2416 in
643 2373 704 2416 nos
707 2356 758 2417 tro
707 2351 854 2417 tloco
878 2352 1170 2437 praepositionem

141 2463 223 2526 prce
246 2441 381 2506 eandem
404 2441 571 2506 notionem
594 2439 733 2505 localem
750 2439 871 2506 habore
893 2436 1048 2526 (vorher),
1071 2463 1171 2526 quam
1226 2523 1229 2526 Ι

147 2531 251 2596 habet
267 2531 303 2595 in
322 2531 422 2596 verbo
430 2527 682 2612 paduensa?
712 2527 838 2596 Contra
856 2531 1068 2613 praetendere
1083 2531 1171 2614 apud
1239 2569 1240 2572 =

148 2619 319 2706 Hyginum
343 2619 509 2706 significat
531 2619 567 2683 in
590 2619 753 2684 anteriore
777 2621 960 2684 castrorum
982 2623 1076 2702 parte
1099 2623 1171 2684 ten·

149 2709 234 2788 dere,
254 2731 336 2794 quae
354 2709 429 2773 inde
442 2711 655 2792 praeteritura
668 2712 813 2791 vocatur,
835 2710 873 2771 ut
886 2708 1055 2772 retendere
1070 2707 1171 2792 signi-

148 2797 226 2862 fieat
249 2797 283 2861 in
306 2801 474 2862 retentura
491 2796 624 2861 tendere
648 2797 687 2862 cf.
701 2799 831 2880 praeter
845 2795 967 2860 multos
984 2795 1066 2861 alios
1079 2797 1169 2861 locos
1239 2795 1240 2838 ³

149 2907 175 2950 c.
194 2885 238 2951 24
251 2885 293 2950 in.
317 2885 548 2968 ‘praetendunt
569 2884 652 2950 alae'
677 2887 711 2948 et
728 2883 829 2948 25111.
852 2882 1037 2949 ‘retundunt
1055 2884 1168 2950 cohor·
1213 2879 1216 2888 ’

148 2978 199 3039 tes
223 2973 409 3058 equitatae'.
449 2973 610 3051 Quoniam
624 2972 776 3057 Hyginus
799 2972 835 3036 in
857 2973 963 3058 primo
987 2974 1095 3058 capite
1114 2995 1168 3038 ne
1239 3033 1240 3036 ,

149 3086 212 3149 que
231 3064 269 3128 de
287 3065 498 3146 praetentura
515 3085 620 3148 neque
640 3062 678 3126 de
696 3061 765 3126 ulla
783 3061 848 3126 alia
868 3064 1048 3127 castrorum
1073 3065 1168 3146 parte
1237 3077 1240 3140 4

148 3151 303 3236 loquitur,
331 3155 442 3236 aperte
468 3151 589 3217 falsum
617 3155 667 3229 est
689 3151 938 3238 conproetendore
967 3172 1027 3216 nec
1050 3151 1168 3234 minus,
1238 3149 1240 3236 j

148 3240 182 3304 id
206 3241 291 3324 quod
314 3239 451 3306 Goesius
473 3240 495 3305 1.
513 3261 538 3305 c.
561 3263 592 3326 p.
611 3240 654 3306 95
677 3239 871 3325 postulavit,
898 3245 1004 3306 contro
1022 3244 1166 3322 praeten-

147 3330 229 3408 dere,
266 3329 323 3394 sed
349 3329 551 3404 desideratur
577 3329 716 3414 simplex
743 3331 869 3396 ιιιιιιινι.
919 3327 981 3394 Sed
1011 3327 1088 3412 quid
1120 3327 1160 3391 de

147 3418 268 3483 litteris
292 3417 558 3484 antecedentibus
587 3419 665 3484 fiet?
710 3417 821 3484 Nexus
850 3417 1086 3483 sententiarum
1116 3437 1164 3481 re-

150 3507 263 3591 quirit,
299 3509 336 3572 ut
368 3507 462 3572 binas
477 3515 481 3520 '
495 3508 658 3574 centurias
699 3529 765 3573 una
800 3505 989 3590 tetendisse,
1026 3505 1164 3572 alteram
1221 3525 1240 3666 ¹
