2486 3948
486 258 702 318 PRAEFATIO.
1067 263 1107 328 13

1 455 2 488 l
79 421 334 488 vexillariorum
371 421 542 487 minimum
584 444 654 488 esre
695 444 874 490 numerum.
923 426 1027 510 Atqui
1067 448 1108 491 ne

1 571 2 592 ,
80 511 207 577 cohors
238 511 370 595 quidem
399 510 579 596 legionario
606 512 800 598 quingentos
828 512 978 579 homines
1007 514 1108 581 habet

1 629 2 636 ¹
79 600 128 666 cf.
153 621 179 665 c.
200 600 229 686 1,
253 602 375 684 quanto
395 601 502 664 minue
520 600 695 666 vexillarii!
731 601 912 667 Identidem
936 603 971 667 in
993 607 1106 669 nostro

77 688 216 754 numeri
240 691 426 773 occurrunt,
453 709 534 772 quos
564 695 711 754 accurate
741 690 883 757 dividere
906 712 971 756 non
994 713 1107 774 possu-

78 799 172 862 mus,
195 797 294 861 quare
316 776 348 842 A
372 781 499 842 secutus
523 775 652 844 OIODO
674 779 803 844 retinui.

177 865 309 932 cohortes
331 867 484 948 equitatur
504 867 662 931 miliaarae
684 867 764 949 ΙΙΙ]
793 867 903 956 Lange
931 891 997 934 non
1019 874 1107 935 reete

79 955 179 1041 legit,
201 955 236 1021 in
258 953 290 1019 A
312 955 527 1039 perscriptum
551 959 602 1024 eat
618 954 684 1040 Ill,
708 960 927 1022 atramentum
950 959 986 1023 in
1008 959 1107 1023 tertia

1 1105 2 1108 ,
78 1043 177 1109 linea
199 1044 305 1108 minus
329 1043 459 1128 nigrum
486 1047 550 1126 est,
583 1043 643 1111 sed
667 1044 786 1108 lineam
814 1047 921 1129 ipsam
950 1047 1036 1112 clare
1059 1068 1133 1111 re·-

1 1179 2 1182 ,
83 1131 229 1216 cognovi
252 1132 286 1196 in
309 1132 509 1196 bibliotheca
527 1129 784 1217 Guelferbytana
801 1133 1013 1200 Antonianum
1036 1156 1107 1220 per·

1 1227 2 1276 t
84 1224 248 1287 scrutans.
293 1220 479 1300 Praeterea,
509 1221 537 1286 ri
566 1221 708 1305 amplius
735 1223 874 1289 testibus
902 1245 984 1309 opus
1013 1228 1107 1310 esset,

1 1319 2 1324 ’
83 1310 212 1376 codices
235 1309 263 1374 Β
286 1313 320 1374 et
344 1307 369 1374 0
392 1312 505 1374 notam
527 1309 577 1374 III
600 1311 762 1377 exhibent.

176 1420 201 1465 c.
220 1397 272 1463 35.
309 1395 388 1464 Oam
409 1399 564 1481 pedatura
598 1399 833 1483 valetudinarii,
864 1403 1045 1466 veterinarii
1077 1408 1108 1467 et

81 1488 238 1572 fabricae,
269 1507 348 1569 qaae
374 1487 410 1552 ia
436 1507 536 1552 uuum
562 1489 606 1552 aa
626 1487 690 1554 Do
712 1488 850 1553 homiues
870 1493 1104 1572 conparantur]

85 1576 200 1661 Lange
222 1598 253 1660 p.
275 1576 339 1641 186
362 1597 532 1641 numerum
555 1574 627 1659 Du,
650 1576 707 1660 qui
728 1577 763 1641 in
782 1575 813 1640 A
837 1580 952 1662 exstat,
982 1577 1106 1662 ‘utique

85 1663 290 1750 corruptum'
309 1685 380 1729 esee
398 1662 565 1748 iudicavit,
588 1668 786 1749 quapropter
799 1663 856 1731 01)
870 1667 1010 1751 scripsit.
1043 1665 1106 1732 Sed

84 1755 230 1838 primum
255 1753 322 1818 eius
347 1753 493 1836 opinioni
520 1757 705 1840 repugnant
731 1753 829 1820 verba
854 1777 879 1820 c.
899 1756 921 1820 4
944 1778 991 1822 ex.
1016 1755 1105 1844 ‘quo-

83 1864 158 1907 rum
182 1840 295 1929 (valet.
309 1844 408 1908 veter.
421 1839 582 1928 fabricae)
606 1842 764 1926 pedatura
785 1845 820 1908 ia
838 1845 977 1927 siapalas
994 1846 1105 1927 speeies

1 2001 3 2014 γ
83 1931 127 1996 ad
150 1930 300 1996 homines
324 1927 376 1995 00
401 1931 485 1996 solet
508 1930 712 2014 computari',
739 1953 822 2015 quae
848 1953 914 1996 non
938 1933 1034 1998 aliter
1056 1934 1104 1997 in·

83 2019 199 2105 tellegi
221 2021 372 2103 possunt,
398 2019 464 2082 nisi
486 2021 523 2082 ut
545 2019 580 2082 in
602 2040 702 2083 unum
731 2020 771 2083 ad
793 2017 851 2084 Do
874 2018 1037 2105 homines,
1069 2025 1106 2086 ut

83 2112 200 2173 nostro
224 2109 294 2172 loeo
317 2107 440 2172 factum
464 2109 527 2190 est,
551 2109 786 2191 computentur.
823 2107 947 2174 Deinde
966 2108 1001 2174 in
1019 2130 1104 2175 com·

84 2197 256 2281 putatione
275 2196 451 2280 copiarum,
471 2217 553 2280 quae
571 2196 605 2261 in
623 2200 833 2280 praetentum
851 2198 998 2283 tendunt,
1019 2219 1105 2263 erro-

84 2307 156 2350 rem
179 2285 352 2351 commisit.
394 2282 520 2350 Cohors
543 2285 650 2369 prima
672 2307 739 2350 non
762 2286 802 2351 ad
825 2284 964 2371 01000,
988 2288 1044 2352 sed
1063 2287 1104 2352 ad

85 2371 156 2441 010
189 2373 338 2438 homines
371 2376 587 2457 computatur.
641 2373 733 2450 Quod
766 2375 863 2441 facile
890 2375 1044 2460 elucebit,
1075 2376 1104 2440 si

85 2461 255 2527 cohortem
282 2461 463 2547 peditatum
486 2463 734 2546 quingenariam
765 2467 798 2527 et
825 2464 1001 2529 miliariam
1031 2485 1103 2529 con·

85 2549 345 2615 sideraverimus.
389 2549 587 2615 Vexillarios
614 2549 769 2634 legionis,
801 2550 952 2616 cohortes
978 2552 1103 2636 pedita-

81 2644 153 2704 tam
171 2638 420 2724 quingenariam
444 2641 478 2703 et
494 2637 710 2722 legionariam
729 2660 768 2702 ex
787 2659 889 2723 aequo
911 2639 1102 2705 aestimatas

83 2749 155 2793 ease
179 2728 337 2811 probatur
360 2749 386 2792 c.
404 2728 441 2811 4,
472 2727 529 2791 ubi
555 2727 694 2812 legimus
725 2747 822 2811 super
848 2725 1017 2793 cohortem
1038 2729 1103 2814 pri·

83 2837 174 2881 mam
198 2818 232 2880 et
254 2815 439 2883 vexillarios
468 2819 500 2880 et
523 2815 691 2882 eohortem
716 2816 897 2900 peditat-am
926 2817 1102 2902 quingena-

83 2905 168 2969 riam
193 2907 225 2970 et
248 2904 463 2989 legionariam
485 2905 565 2988 poni
583 2926 688 2990 posse.
724 2926 751 2969 c.
769 2903 791 2969 5
809 2904 853 2968 in.
871 2903 1024 2991 Hyginus
1047 2907 1101 2972 do·

84 2997 146 3078 cet,
160 2993 348 3059 vexillarios
363 2992 403 3059 ad
418 2995 627 3059 sexcenten'os
640 2993 790 3059 homines
804 2996 986 3079 computari
1001 3016 1101 3078 acque

84 3103 123 3146 ac
146 3081 316 3148 cohortem
338 3083 557 3167 legionariam.
593 3080 646 3146 Ad
669 3081 805 3146 eundem
826 3104 996 3148 numerum
1015 3103 1101 3147 eom-

82 3173 219 3254 putetur
248 3170 365 3236 cohors
393 3171 539 3256 peditata
568 3171 794 3255 quingenaria,
826 3172 902 3255 quia
932 3193 957 3235 c.
981 3171 1023 3236 28
1052 3170 1101 3236 VI

83 3259 250 3324 centuriae
282 3259 312 3324 ei
345 3260 577 3325 attribuuntur.
628 3257 752 3325 Contra
783 3261 817 3325 in
849 3259 961 3324 eodem
995 3261 1101 3344 capite

82 3346 236 3434 traditur,
268 3347 449 3433 peditatum
481 3349 657 3413 miliariam
689 3347 719 3412 X
756 3348 917 3414 centurias
944 3348 1100 3415 habuisse

82 3435 116 3500 id
145 3440 195 3501 est
217 3437 393 3502 miliariam
422 3435 464 3500 ad
490 3434 559 3505 010
587 3437 736 3502 homines
767 3440 989 3521 computatam
1020 3459 1099 3504 esse.

83 3522 174 3590 Idem
198 3525 285 3592 cadit
306 3525 341 3590 in
363 3526 531 3592 eohortem
554 3526 694 3610 primam
719 3526 939 3611 legionariam,
961 3526 994 3591 id
1014 3525 1099 3610 quod
