2486 3948
467 246 687 304 palarmo.
1066 250 1090 316 3

158 408 263 485 Quam
283 409 511 477 collectionem
526 412 597 476 sine
611 431 711 495 opera
724 411 925 495 amplificare
944 433 1088 497 possum,

64 522 94 563 v.
111 518 141 584 g.
164 517 231 562 non
249 499 475 582 praetereundi
494 501 590 564 erant
607 497 777 585 aliangio‘
787 499 865 584 loci,
886 500 1005 585 quibus
1023 503 1086 568 alio

65 590 250 652 atramento
274 587 397 673 aliquid
420 609 519 672 supra
540 588 661 653 lineam
681 588 916 672 scriptumest,
939 611 1015 654 nam
1031 613 1087 656 eae

63 676 286 742 correctiones
306 676 349 742 ad
372 677 403 741 A
425 677 572 761 proxime
596 677 767 762 accedunt,
795 678 848 744 itu
866 681 906 742 ut
927 675 966 762 O,
996 684 1087 762 poet-

63 786 165 849 quam
188 768 339 830 exaratos
362 769 422 850 eet,
444 787 483 830 ex
502 765 611 831 codice
636 771 694 832 aut
711 765 743 830 A
764 767 839 850 ipso
862 771 918 832 ant
936 765 967 831 A
987 767 1087 832 simil·

62 854 145 918 limo
170 853 361 919 emendatus
385 875 455 920 esse
477 854 637 921 videatur.

156 965 220 1032 Sed
238 969 305 1034 iam
322 967 419 1036 redeo
444 969 484 1034 ad
509 991 556 1054 ea,
579 989 661 1054 queo
681 989 778 1054 supra
797 971 946 1054 exporui3
969 970 1036 1037 dixi
1056 972 1086 1036 A

63 1057 174 1122 solum
197 1057 433 1142 respiciendum
456 1079 537 1140 esse,
559 1055 587 1123 B
612 1061 645 1121 et
668 1057 693 1124 O
717 1056 807 1122 exA
830 1062 887 1123 aut
910 1063 999 1124 recta
1022 1061 1086 1126 ori-

62 1146 142 1231 gine
163 1149 220 1210 aut
240 1147 432 1231 ambagibus
450 1145 592 1212 fluxisse.
626 1145 661 1212 Si
680 1147 728 1213 ita
747 1151 805 1232 est,
824 1146 955 1213 libellus
973 1152 1087 1214 noster

63 1238 98 1300 et
122 1233 221 1300 titulo
244 1237 280 1302 de
302 1235 527 1302 montcontour
549 1239 720 1303 coecorum
743 1239 776 1300 et
797 1231 932 1322 Hygino
945 1241 1086 1308 auctore

61 1324 224 1406 privatur.
267 1321 354 1389 Nam
376 1321 488 1409 Lange
511 1325 582 1410 ipse
603 1325 728 1391 fatetur
745 1323 890 1411 prolegg.
904 1347 935 1410 p.
946 1327 987 1390 37
1009 1325 1086 1410 ‘Hy-

64 1411 137 1496 gini
159 1431 278 1478 nomen
301 1411 420 1480 codicis
444 1413 614 1479 Arceriani
642 1413 836 1480 auctoritate
862 1434 928 1478 non
955 1414 1086 1482 fulciri’.

61 1499 181 1566 Frater
200 1501 330 1586 quidem
349 1523 438 1568 meus
459 1499 611 1584 [Hermes
631 1503 695 1568 vol.
709 1499 757 1566 XI
775 1501 891 1585 proc]
910 1523 976 1568 non
992 1503 1085 1570 dubi·

62 1591 148 1655 tavit
180 1590 374 1656 contendere
407 1590 555 1658 libellum
591 1594 741 1656 nostrum
777 1611 845 1654 non
877 1591 918 1656 ab
952 1589 1085 1678 Hygino

62 1677 199 1744 Traiani
222 1679 364 1763 aequali,
386 1679 420 1745 id
444 1678 532 1764 quod
549 1676 661 1765 Lange
683 1679 798 1763 voluit,
824 1679 983 1764 scriptum
1007 1702 1086 1766 cese,

64 1767 123 1832 sed
147 1767 188 1832 ab
213 1773 344 1834 auctore
371 1767 488 1853 ignoto
517 1771 595 1854 post
616 1768 848 1851 imperatorem
872 1765 1086 1836 Caracallum.

64 1854 128 1922 Oui
152 1877 213 1942 ego
238 1855 411 1941 adsentior,
434 1857 490 1942 qui
513 1855 638 1923 codices
657 1855 732 1922 illos
754 1857 936 1926 accuratius
954 1859 1086 1924 invecti-

65 1945 187 2028 garim3
223 1947 333 2010 tamen
364 1945 493 2011 retinui*
513 1945 646 2010 titulum
669 1943 794 2029 Hypiai
819 1947 983 2029 prometiri
1011 1946 1086 2012 liber

63 2035 100 2098 de
133 2035 358 2100 munitionibus
391 2039 576 2117 castrorum,
614 2034 690 2118 quia
726 2032 812 2098 ullus
850 2033 965 2098 titulus
998 2037 1085 2100 certe

64 2121 181 2188 libello
208 2121 441 2208 relinquendus
472 2124 543 2188 erat
575 2125 609 2186 et
638 2122 760 2208 optimc
788 2121 916 2210 quidem
946 2123 990 2208 ie,
1021 2145 1084 2209 quo

65 2209 171 2277 adhuc
193 2211 356 2276 utebatur.

154 2325 195 2392 Ia
212 2330 305 2394 textu
318 2326 515 2394 recensendo
531 2325 639 2394 solum
652 2326 795 2395 codicem
809 2326 850 2412 A,
866 2327 957 2392 cuius
971 2325 1084 2394 lectio-

64 2436 124 2480 nes
152 2416 258 2480 textui
285 2415 423 2500 subieci,
454 2419 582 2482 secutus
610 2438 696 2500 sum3
729 2415 809 2482 satis
834 2415 1008 2500 diligenter
1031 2415 1083 2482 de·

64 2501 859 2674 {tillirfllllllllllll'litltlttl‘13¹3
875 2501 1084 2668 θὲῗῑωὸῗέἓ

64 2680 99 2746 in
122 2702 161 2746 eo
184 2681 359 2748 manifesto
387 2702 538 2764 perverse
562 2679 685 2764 scripta
708 2683 809 2762 erant,
836 2679 963 2746 medela
987 2681 1084 2746 corri-

64 2788 143 2854 gere
166 2769 286 2854 studui,
304 2773 446 2836 ceterum
470 2772 504 2834 et
526 2767 646 2836 codicis
663 2769 772 2854 ‚ipsius
795 2768 923 2834 litteras
947 2772 979 2836 et
997 2769 1084 2853 prio·

64 2881 138 2923 rum
169 2857 332 2925 editorum
360 2857 591 2942 correctiones,
624 2858 732 2946 quoad
763 2857 832 2922 eius
864 2857 936 2924 fieri
966 2859 1087 2944 potuit,

64 2947 151 3012 colui
179 2951 212 3012 et
233 2947 367 3031 retinui,
397 2949 473 3034 quia
502 2951 628 3030 vetera,
660 2968 742 3032 quac
772 2945 902 3032 quidem
932 2949 965 3014 et
997 2947 1085 3014 bona

64 3036 145 3119 sint,
168 3057 335 3102 reservare
358 3036 521 3121 imprimis
545 3035 678 3102 editoris
703 3057 773 3100 esso
796 3035 925 3104 credidi.
967 3033 1083 3120 Itaque

64 3121 227 3210 Langium
246 3125 346 3190 etiam
365 3125 401 3190 in
415 3123 579 3210 capitibus
594 3124 829 3191 constituendis
849 3127 978 3192 secutus
998 3145 1083 3207 sum3

63 3217 180 3280 contra
202 3212 394 3299 saepissime
415 3213 511 3280 aliter
533 3213 729 3300 interpunxi

153 3319 223 3384 Iam
245 3323 377 3386 transeo
405 3318 446 3384 cd
469 3319 686 3386 defendendos
703 3321 843 3405 ‚aliquot
870 3319 959 3386 locos
988 3341 1008 3382 a
1030 3340 1085 3386 me

64 3409 263 3475 emendatos.

153 3535 178 3580 o.
206 3516 233 3580 l.
273 3515 329 3597 pot
355 3515 522 3580 omnent
547 3515 582 3580 in
614 3515 803 3599 turpitudine
827 3515 942 3598 pedum
970 3513 1081 3594 OXX]
