2486 3948
373 1077 755 1152 PRAEFATIO.

144 1394 289 1460 Libellus
307 1397 420 1460 noster
438 1398 489 1458 ter
507 1394 612 1460 editus
631 1398 690 1478 661,
712 1395 854 1478 primum
874 1417 893 1459 6
912 1392 1071 1462 Scriverio

55 1483 141 1549 1601
167 1485 281 1567 (repet.
307 1481 422 1570 1621),
449 1482 563 1548 161616
587 1506 606 1548 6
629 1482 758 1550 Schelio
785 1483 872 1548 1660
900 1479 1014 1568 (repet.
1038 1486 1073 1549 in

54 1570 188 1637 Graevii
211 1571 379 1638 Thesauro
402 1571 466 1637 vol.
488 1570 519 1635 X
541 1595 573 1656 p.
592 1571 657 1636 999
673 1571 784 1656 6666),
807 1573 863 1656 qui
886 1572 1009 1656 optime
1033 1573 1072 1639 16

53 1683 91 1726 66
116 1661 253 1730 meritus
276 1664 337 1745 est,
364 1663 529 1744 postremo
554 1682 573 1724 a
595 1659 720 1746 Langio
746 1661 842 1744 1848,
869 1662 925 1746 qui
947 1664 980 1726 61
1002 1663 1072 1747 1666

53 1751 195 1816 multum
218 1770 335 1834 operae
358 1749 393 1813 in
415 1748 564 1813 libellum
588 1749 736 1814 contulit.
778 1748 841 1815 Sed
865 1748 1016 1816 Scriverii
1040 1755 1073 1817 et

53 1837 175 1903 Schelii
199 1841 307 1904 aetate
334 1859 387 1904 ars
415 1837 541 1903 codices
569 1837 727 1924 dignitate
755 1839 949 1904 aestimandi
977 1843 1010 1905 61
1037 1841 1072 1905 16

53 1927 175 1992 classes
208 1926 373 2013 digerendi
408 1927 551 1992 nondum
586 1930 666 1992 nota
698 1932 782 2012 erat,
818 1926 930 2012 Lange
962 1932 1071 1993 autem

53 2015 141 2081 16166
161 2016 341 2102 sagacitate
364 2015 537 2099 perductus
560 2015 671 2098 pravis
694 2015 888 2099 quibusdam
907 2014 1071 2082 codicibus
1147 2039 1149 2046 ’

54 2103 152 2169 fidem
178 2104 361 2170 habendam
387 2125 459 2168 6666
488 2102 665 2168 contendit.
716 2100 869 2168 Servatus
902 2104 988 2169 enim
1015 2109 1072 2170 est

16 2233 19 2240 ·
54 2191 108 2257 hic
126 2193 256 2259 libellus
275 2194 379 2258 tribus
398 2193 606 2276 potissimum
626 2191 791 2258 codicibus
805 2191 1071 2278 Guelferbytanis

54 2280 86 2345 A
113 2280 141 2344 B
170 2279 210 2366 Ο,
246 2304 327 2368 quos
355 2281 422 2347 1666
449 2281 521 2366 6661
547 2281 670 2347 honore
697 2281 812 2367 dignos
846 2281 1071 2348 iudicaverunt

55 2371 178 2453 priores
207 2370 356 2435 editores.
402 2370 525 2437 Tamen
548 2371 638 2435 solus
661 2369 691 2433 A
713 2369 991 2436 numerianus
1017 2373 1069 2453 [66

55 2459 184 2524 nominc
208 2457 334 2524 Arcerii
366 2459 484 2545 prioris
512 2458 677 2524 cuiusdam
704 2460 917 2541 possessoris]
951 2461 1069 2544 respici

55 2547 158 2632 debet,
174 2548 304 2612 1666166
322 2569 381 2631 pro
401 2547 492 2612 fonte
511 2550 544 2610 et
558 2547 685 2629 origine
700 2546 838 2611 aliorum
854 2547 1000 2612 codicum
1014 2549 1069 2613 ha-

54 2635 176 2702 bendus
195 2639 254 2720 est,
272 2635 306 2702 id
321 2635 406 2721 quod
424 2635 528 2701 166166
545 2655 636 2699 meus
646 2632 764 2698 Albert
773 2631 901 2699 Gemoll
916 2632 1067 2718 (Hermes

55 2723 161 2789 volX
183 2747 213 2808 p.
228 2725 294 2789 244
304 2723 405 2809 seqq.)
424 2746 462 2789 66
485 2723 644 2789 varietate
666 2722 843 2788 lectionum
866 2725 972 2788 textui
986 2723 1067 2789 Lan-

57 2812 151 2898 61666
167 2813 312 2879 66616616
325 2813 487 2898 probavit.
511 2811 604 2889 Quod
618 2811 746 2876 facilius
762 2811 1068 2899 666616116666666,

57 2902 83 2964 61
102 2901 130 2965 61
149 2902 274 2968 6611666
293 2902 382 2986 16666
398 2903 487 2967 61166
500 2902 656 2985 licuisset,
674 2922 751 2965 nam
765 2899 876 2987 Lange
889 2900 1067 2967 identidem

57 2991 173 3054 erravit
185 3012 245 3056 nec
259 3013 391 3074 prorsus
405 3013 483 3057 rora
496 2992 535 3056 de
549 2991 615 3055 illis
627 2988 792 3054 codicibus
804 2987 1066 3075 Guelferbytanis

57 3077 197 3144 tradidit.
230 3079 323 3157 Quod
346 3079 475 3164 quidem
498 3079 640 3164 pertinet
659 3077 699 3142 ad
717 3075 745 3141 B
764 3080 798 3143 ct
815 3078 855 3164 A,
874 3079 978 3144 minus
998 3079 1067 3145 eius

54 3166 176 3232 incuria
207 3168 385 3253 vituperari
416 3171 540 3253 potest,
570 3167 731 3233 nonnulla
760 3190 780 3232 6
807 3190 859 3232 me
888 3190 926 3232 ex
953 3169 983 3232 A
1014 3168 1065 3232 de-

55 3260 204 3340 prompta
226 3257 260 3323 in
284 3257 547 3323 adnotationibus
578 3256 693 3340 cuique
715 3257 855 3342 paginae
878 3259 986 3321 166166
1009 3279 1066 3322 no·

57 3344 114 3408 stri
137 3344 255 3411 additis
278 3345 436 3430 invenies,
466 3345 521 3410 sed
544 3345 676 3410 collatio
704 3345 823 3410 codicis
847 3342 873 3409 O
897 3367 917 3409 6
939 3345 1065 3432 Langio

55 3431 204 3500 inst'tuta
236 3456 351 3501 manca
381 3438 414 3499 et
443 3455 590 3499 errorum
620 3433 717 3517 plena
750 3437 808 3499 661.
859 3432 1065 3500 Enumerabo
1186 3472 1193 3488 κ

55 3521 199 3588 iambos
224 3545 365 3608 errores,
387 3545 453 3589 non
476 3523 562 3607 quod
585 3522 624 3588 61
647 3543 716 3588 rem
739 3521 839 3587 166161
862 3544 917 3589 666
939 3545 1064 3589 onume-

868 3633 881 3681 1
889 3625 904 3658 *
