2486 3948
146 221 191 286 32
587 219 719 278 HYGINI

144 387 268 468 torum,
297 381 437 468 singulis
460 382 518 447 LX
540 382 654 468 pedes,
684 382 939 468 adsignabimus.
993 384 1046 451 37.
1069 383 1189 453 Nune

145 473 175 537 si
198 471 317 538 dantur
338 471 429 537 mille
450 470 599 536 homiues
626 492 722 556 super
745 493 913 538 numerum
936 473 1186 559 eompositum,
1240 535 1241 540 ,

145 561 180 625 in
214 560 325 626 eadem
357 560 517 645 pedatura
551 561 641 626 loeus
673 559 876 647 adsignatum
918 562 966 628 sie
996 561 1184 628 faciemus.
1240 565 1242 634 ἶ

146 648 307 726 Quoniam
331 648 437 733 partis
461 647 614 714 dimidiae
636 647 668 713 D
690 669 762 714 osse
784 653 927 735 constat,
952 671 1034 736 quos
1056 651 1184 735 sapiet

115 738 395 822 esemistrigium,
427 737 622 804 deducamus
654 737 795 804 scamnis
826 738 925 823 pedes
952 738 983 803 X
1015 742 1050 804 et
1076 739 1181 804 viam
1240 807 1242 826 ἲ

144 827 231 892 inter
254 826 324 891 alas
346 825 513 911 tollamus,
536 845 619 912 quae
641 829 719 892 tuno
741 826 846 911 datur,
869 827 898 892 si
914 827 1074 912 pedatura
1091 849 1178 912 per·
1240 827 1242 922 2

145 915 268 998 mittet3
296 913 380 980 fiunt
401 913 501 998 pedes
523 914 630 980 XXX:
657 915 721 980 erit
744 915 992 1001 samistrigium,
1020 917 1109 1004 quod
1132 915 1176 981 D
1241 945 1242 990 g

145 1002 294 1069 homines
323 1006 440 1088 postea
467 1007 616 1089 acceptos
643 1003 786 1089 recipiet
843 1004 896 1070 38.
924 1003 1021 1071 Nune
1047 1027 1066 1069 e
1089 1025 1174 1070 oon·
1240 1001 1242 1046 ³

49 1112 135 1178 1342„
145 1092 248 1158 trario
272 1091 425 1158 similiter
444 1095 449 1172 Ι
469 1092 612 1158 numeris
634 1093 826 1177 compositis
844 1092 1039 1159 deducamur
1057 1092 1171 1158 homi·
1241 1115 1242 1148 1

103 1200 202 1246 renes
231 1178 315 1259 010,
351 1199 488 1263 quorum
519 1184 571 1245 est
601 1180 760 1266 pedatura
796 1181 918 1268 strigae
949 1181 1069 1266 pedum
1096 1181 1170 1248 LX.

143 1267 302 1333 Dabimus
326 1289 458 1334 scamno
481 1271 666 1353 legatorum
683 1270 784 1354 pedes
801 1269 936 1354 LXXX,
956 1270 1167 1336 tribunorum

142 1356 243 1442 pedes
265 1354 355 1422 LXX
377 1360 411 1422 et
432 1356 520 1422 riam
542 1357 629 1422 inter
651 1357 721 1424 alas
743 1379 948 1442 reponemus.

232 1445 286 1511 39.
317 1445 402 1511 Item
423 1446 532 1512 lateri·
547 1446 706 1530 praetorii
728 1450 761 1510 et
782 1449 968 1512 retenturae
998 1447 1161 1528 similiter,

145 1534 259 1619 siquo
283 1534 356 1618 plus
383 1535 436 1600 vel
459 1535 566 1600 minus
589 1533 702 1620 fuerit,
728 1535 815 1600 idem
837 1535 1099 1619 observabimus,
1126 1540 1163 1600 ut

103 1641 130 1682 rs
144 1623 345 1707 praetorium
368 1627 402 1688 et
423 1623 579 1689 comitam
602 1623 808 1708 pedaturam,
837 1623 917 1690 item
940 1625 1162 1708 quaestorium

144 1711 328 1776 minuamus
354 1711 407 1776 rel
438 1713 631 1797 ampliemus
659 1713 796 1778 servatis
823 1712 1029 1799 portionibus
1051 1713 1163 1778 latitu-

144 1799 239 1864 dinis.
274 1797 357 1864 Viae
381 1802 491 1865 autem
514 1801 629 1864 abesse
655 1803 822 1885 poterunt,
849 1802 879 1865 si
904 1801 1073 1885 pedatura
1088 1801 1162 1866 stri·

143 1888 228 1954 otior
249 1886 357 1971 fuerit,
378 1887 465 1953 inter
488 1887 638 1954 cohortes
660 1889 841 1973 praetorias
864 1891 898 1953 et
916 1889 988 1954 alas
1007 1889 1162 1974 equitum,

145 1976 218 2044 ideo
243 1976 329 2060 quod
352 1975 523 2063 disciplina
545 1977 682 2043 militari
709 1977 751 2042 ad
778 1998 873 2042 suum
896 1977 1031 2062 quisque
1053 1999 1164 2043 nume·

44 2081 134 2152 1341)ι
146 2063 429 2219 pmeltaoniunppi
439 2066 912 2220 tplpnvenientlsitoebpervent
933 2066 993 2150 ite,
1013 2066 1163 2218 'uthdioo

104 2173 199 2216 ιι.
290 2174 383 2218 mre
418 2175 440 2219 n
494 2177 514 2220 a
567 2176 718 2220 ursoen
827 2175 926 2220 uma
970 2175 1039 2220 ems
1081 2176 1163 2220 omi·

143 2241 240 2307 nibus
267 2260 327 2325 per
355 2241 476 2327 strigas
509 2176 655 2307 itiioti'us
688 2263 746 2307 seu
773 2173 1053 2328 hpiusqtppdm,
1084 2266 1162 2329 quo·

141 2329 231 2396 niam
259 2350 356 2414 saepe
383 2350 534 2396 numeros
564 2331 673 2396 evenit
704 2331 912 2416 commutari,
938 2336 1072 2397 tonsura
1095 2354 1161 2398 am·

141 2419 230 2503 plius
264 2416 420 2502 efficiant,
453 2439 550 2504 quam
582 2419 706 2504 striges
737 2419 772 2484 in
804 2420 940 2496 eundem
967 2419 1162 2504 pedaturam

143 2680 285 2752 lainguli
301 2682 351 2737 LX
368 2697 437 2741 corr.
450 2681 503 2738 so
566 2680 778 2752 adsignavimua
841 2679 1000 2736 runaut
1017 2680 1096 2735 mille
1110 2681 1162 2736 ho·

141 2752 232 2808 mines
297 2752 359 2809 tiu
377 2752 496 2806 eandem
512 2751 680 2822 pedaturam
733 2758 751 2808 4
763 2753 859 2834 partes
878 2749 1012 2806 dimidiae
1029 2752 1162 2808 corruat

178 2821 303 2893 ecapite
318 2821 472 2878 emistrioio
527 2823 588 2878 fiet
601 2822 786 2878 deinterbahs
804 2838 873 2880 corr.
883 2821 938 2879 aaa
992 2829 1008 2879 ’ἵ
1022 2821 1160 2877 aemistri·

142 2892 217 2947 oium
273 2898 307 2947 10
319 2893 448 2948 homines
468 2909 502 2949 oo
570 2892 677 2963 strigea
694 2892 827 2950 eorr.Sot
877 2899 909 2948 11
926 2892 1159 2961 soamnumlege·

141 2965 243 3018 torum.
282 2969 315 3018 12
331 2966 361 3018 et
374 2963 510 3019 viainter
523 2962 594 3018 alias
612 2964 773 3036 reponimus
791 2963 932 3022 corso.
969 2970 1003 3019 15
1018 2961 1159 3033 quaestori

168 3047 185 3076 U

139 3087 298 3144 minuamus
371 3091 405 3144 16
417 3087 545 3158 vamplius
563 3087 693 3145 σοιν-θοὴ
752 3093 785 3143 17
801 3103 866 3143 suae
889 3086 1040 3158 (correo)
1063 3087 1159 3142 autem

141 3157 251 3229 abieras
269 3156 396 3229 poterint
514 3156 679 3229 inseriptior
701 3175 771 3216 eoru.
790 3157 844 3214 Set
960 3162 993 3213 18
1012 3157 1158 3212 eohortem

140 3227 284 3298 praetoria
303 3229 353 3284 sed
371 3227 442 3284 alias
460 3227 606 3297 aequitum
678 3235 711 3286 19
730 3227 910 3300 disoiplinam
923 3227 1076 3282 militarem
1088 3241 1156 3284 oon.

142 3299 195 3356 Sub
267 3301 305 3356 ad
324 3317 385 3354 sum
456 3304 493 3356 20
509 3298 553 3354 ita
571 3298 648 3370 dieo,
671 3301 783 3357 addidit
804 3299 858 3360 Sub
876 3299 931 3370 ,Μ’
1013 3304 1046 3353 21
1065 3297 1157 3354 tetam
1217 3301 1220 3306 “

140 3376 166 3413 aa

140 3425 234 3478 turam
305 3439 473 3494 quemquam
491 3439 581 3494 genus
598 3421 759 3478 homiuibus
778 3439 847 3480 corr.
866 3421 894 3476 L
966 3427 1000 3478 22
1019 3417 1116 3476 teuda‘

141 3499 175 3552 23
194 3509 325 3550 numerus
345 3493 441 3550 evenit
459 3495 612 3566 conputare
622 3495 738 3555 -tentura
756 3492 885 3553 erasa
945 3497 981 3548 24
999 3491 1087 3564 stripe
