2486 3948
226 191 336 247 LIBER
353 191 403 247 DE
421 189 689 248 MUNITIONIBUS
709 191 938 250 cnsmoltun.
1050 191 1095 260 35

67 355 118 421 ad
143 377 313 422 numerum
336 355 556 421 centuriarum
573 348 790 441 pertinentem
812 355 939 420 intento
964 353 1096 442 ingenio

69 445 258 529 elaboravi,
294 447 345 529 ut,
390 445 419 510 si
455 443 611 530 dignatus
650 443 751 508 fueris
787 443 969 529 iniungere,
1006 445 1097 510 novi·

69 537 183 600 tutem
206 533 396 599 metationis
424 532 465 598 ad
492 531 751 619 magnitudinem
777 535 869 598 tuem
896 531 1021 616 primus
1044 533 1098 598 ad·

71 622 198 706 feram,
229 643 312 706 quae
340 621 403 687 tibi
431 619 525 706 spero
552 620 708 705 placebit,
741 621 769 686 si
795 620 938 706 primum
966 620 1098 687 cotidia-

11 757 12 764 .
72 731 157 776 narn
179 711 392 776 metationem
414 709 581 776 tractabis.
1111 725 1125 766 ὁ
1184 739 1189 784 ῑ

168 800 223 866 48.
244 797 340 865 Nunc
362 797 576 866 munitionem
595 801 777 864 castrorum
800 799 993 884 etreliqua,
1016 819 1098 883 quae

10 901 11 904 ’
75 887 228 973 pluribus
261 890 410 953 auctores
440 883 652 971 scripserunt,
683 884 827 954 breviter
857 883 1068 973 perferemus.
1093 884 1195 975 irena

76 976 225 1042 Munitis
262 975 470 1042 aestivalium
506 975 700 1041 observatur
736 975 909 1060 generibus
945 977 1101 1062 quinque:
1219 1004 1227 1018 ·

8 1065 9 1102 ³
69 1063 181 1150 iussa,
202 1065 300 1148 vallo,
322 1064 469 1148 servolis,
492 1064 601 1148 ermis,
624 1083 753 1150 aggere.

7 1207 8 1212 ,
169 1154 223 1219 49.
244 1152 350 1220 Fossa
371 1153 443 1219 loco
471 1149 626 1218 securiori
654 1149 758 1218 csuss'
774 1151 981 1239 disciplinae,
1009 1152 1100 1218 ouius
1115 1169 1142 1210 1⁰

6 1277 8 1340 ;
78 1243 206 1328 species
238 1245 288 1308 est
319 1241 478 1326 fastigata
509 1241 561 1307 vel
591 1241 718 1327 punica
769 1241 942 1327 Festigeta
973 1239 1101 1326 dicitur,

5 1361 7 1402 J
77 1351 163 1416 quae
189 1353 211 1397 a
239 1351 366 1396 summa
393 1329 565 1396 latitudine
593 1331 751 1396 lateribus
778 1332 909 1398 devexis
936 1331 972 1396 in
999 1351 1100 1416 angu-

5 1425 6 1430 ’
79 1421 180 1486 stiam
208 1419 249 1484 ad
280 1419 386 1485 solum
414 1418 590 1484 coniuncta
616 1419 773 1503 pervenit.
822 1415 946 1485 Punica
973 1417 1101 1504 dicitur,

4 1509 5 1514 ’
79 1529 165 1594 quae
187 1507 290 1573 latere
309 1506 459 1573 exteriori
478 1507 519 1572 ad
537 1507 802 1591 perpendiculum
822 1507 983 1593 dirigitur.
1015 1504 1099 1572 Oen·

3 1614 5 1684 ς
78 1597 219 1662 tremum
242 1597 398 1662 devexum
424 1595 477 1678 fit,
509 1593 671 1679 quomodo
703 1596 738 1660 in
764 1595 931 1681 fastigato.
977 1593 1098 1672 Quibus
1114 1610 1140 1652 1⁶

78 1685 220 1750 latitudo
256 1684 326 1750 dari
358 1684 476 1749 debeat
508 1682 550 1748 ad
582 1683 752 1749 minimum
790 1683 909 1772 pedum
945 1683 1100 1770 quinque3
1188 1737 1191 1742 .

2 1773 3 1830 ἶ
79 1775 185 1840 altum
215 1771 314 1858 pedes
345 1775 422 1838 trev.
471 1769 643 1860 Regressis
673 1773 810 1858 pedibus
843 1773 981 1840 exterius
1010 1793 1099 1839 sexa·

1 1929 2 1933 ,
80 1863 176 1948 ginta
201 1884 259 1946 per
286 1861 493 1928 latitudinem
523 1864 694 1945 portarum
721 1862 873 1928 similiter
899 1862 989 1929 fossa
1009 1865 1014 1942 Ι
1034 1861 1195 1946 fietttta,

79 1950 167 2036 quod
189 1953 325 2036 propter
347 1950 542 2016 brevitatem
562 1949 697 2015 titulum
719 1949 987 2036 cognominatum
1010 1953 1068 2015 est

1 2039 2 2060 .
170 2039 223 2104 50.
249 2038 383 2106 Vallum
410 2038 483 2103 loco
511 2037 704 2120 suspectiori
730 2039 836 2104 extrui
859 2037 958 2104 debet
978 2039 1100 2123 cespite
1113 2054 1141 2096 ιο

81 2131 141 2193 sut
161 2127 280 2214 lapide,
305 2147 384 2193 sexo
408 2126 476 2192 sive
499 2129 678 2193 caemento.
724 2125 853 2193 Sufficit
875 2127 978 2193 letum
1000 2127 1100 2214 pedes

1 2259 2 2262 κ
82 2213 180 2300 VIII,
211 2215 317 2282 altum
343 2215 441 2300 pedes
463 2213 525 2302 v1;
547 2217 581 2280 et
602 2215 707 2282 lorica
727 2237 829 2301 parva
850 2215 898 2284 fit.
943 2215 1100 2282 Similiter

81 2307 161 2370 aute
186 2308 301 2389 portas
322 2307 362 2369 ut
381 2304 529 2388 titulum,
561 2307 612 2369 est
632 2303 723 2370 fosse
749 2306 791 2371 ad
812 2306 946 2373 vallum.
992 2301 1099 2370 Oauss

84 2393 308 2459 instructionis
331 2397 481 2460 sunctum
504 2395 555 2457 est
576 2394 853 2480 cognominatum.

85 2619 159 2691 177
172 2577 332 2690 pertinentem
344 2616 487 2672 intentato
533 2615 707 2672 delaborabi
756 2617 893 2688 tprimos
915 2617 1099 2674 -doottidia

81 2703 146 2744 nem
200 2685 688 2746 cauendusmbsemntbrebiter
741 2687 954 2744 emunitionem
973 2687 1099 2744 aunue-

83 2811 151 2868 uum
223 2773 300 2882 quii.
373 2811 481 2867 chullo
495 2811 607 2882 umine
626 2812 775 2884 agremmu
793 2828 862 2870 corr.
873 2812 927 2870 sa
945 2819 970 2870 es
988 2814 1099 2870 ausus

83 2890 145 2940 arte
162 2881 405 2998 armiseltcervolis
465 2888 501 2940 to
513 2883 662 2940 securioris
677 2899 777 2940 causae
791 2882 942 2955 discipline
956 2899 1025 2944 corr.
1036 2884 1097 2941 Set.

118 3014 149 3066 11
166 2967 275 3078 spuet
292 2967 415 3076 strigas
487 3015 521 3064 η
538 3023 674 3062 summam
692 3005 872 3062 eumenem
943 3007 1058 3063 secem

85 3085 116 3133 13
130 3078 257 3135 tedolum
275 3077 409 3136 corrdclc
469 3078 639 3151 perveniunt
694 3084 727 3135 14
740 3077 824 3135 lateri
880 3084 913 3136 15
927 3078 966 3135 sit
979 3077 1054 3148 quod
1067 3076 1098 3132 iu

39 3236 44 3249 .
82 3148 201 3220 fatigata
218 3148 352 3262 coracio}
411 3155 444 3206 16
454 3149 555 3221 pedem
574 3148 696 3218 quinque
753 3156 786 3206 19
800 3152 912 3222 praeter
927 3147 1098 3206 brebitatem

84 3278 119 3329 20
131 3271 243 3328 Bellum
302 3271 379 3327 exrui
443 3279 476 3328 21
492 3289 559 3329 sexo
578 3289 646 3331 corr.
657 3273 737 3330 Sorte
809 3271 932 3329 cimento
986 3271 1061 3327 latus

84 3402 117 3452 22
130 3395 255 3468 perberis
275 3411 344 3455 corr.
354 3395 409 3454 Set
462 3401 496 3452 28
508 3356 598 3467 porta.
609 3399 643 3452 ut
659 3395 760 3452 titulus
779 3397 816 3453 cd
830 3396 920 3453 fossas
939 3396 976 3454 ad
988 3394 1097 3451 bellum
1231 3401 1233 3430 ³

120 3482 219 3523 causae
292 3469 468 3524 unstrutam
486 3483 547 3523 esse
566 3467 795 3538 cognominatum
1222 3487 1232 3518 c
