2486 3948
148 163 192 232 36
308 221 311 228 .
565 165 697 224 HYGINI

237 325 290 394 51.
323 324 453 395 Oervoli
483 329 591 394 trunci
621 329 752 395 ramosi.
801 327 855 394 Ad
885 328 945 396 hos
976 329 1182 415 decurritur,

149 417 178 480 si
200 415 264 482 soli
286 419 405 482 natura
426 417 528 484 nimia
550 417 723 483 teneritate
743 439 855 502 cespes
878 417 1040 504 frangitur
1061 440 1180 504 neque

148 503 257 588 lapide
284 505 399 572 mobili
426 506 490 572 nisi
517 505 747 593 confragosum
774 507 897 576 vallum
924 508 1029 573 extrui
1056 511 1180 592 potest

147 614 208 662 nec
231 593 322 662 fossa
343 595 426 679 fieri,
448 598 576 664 utnon
598 596 689 679 ripae
712 594 872 662 decident.

239 681 1016 840 {accresceretur
1037 707 1177 840 seca

122 807 295 945 ⁶simiolos
319 859 448 927 ordines
472 860 603 947 vigiliae
627 861 770 928 crebrius
788 865 966 946 ponantur3
990 824 1027 928 ei
1041 797 1175 948 equidea

149 947 276 1014 alterna
297 949 368 1016 vice
390 955 500 1016 castro
522 951 657 1016 circuire
680 950 808 1018 debent.
850 947 885 1015 Si
907 950 942 1016 in
963 953 1091 1036 pacato,
1118 974 1174 1018 so·

147 1037 312 1103 lummodo
336 1038 491 1142 tuendae·
505 1038 697 1144 disciplinae
723 1059 822 1107 causa
850 1061 933 1120 unus
957 1039 1037 1106 crdo
1060 1062 1173 1107 armo·

109 1143 135 1183 ¹⁰
238 1125 1088 1301 §efficereretursunusaa
1114 1188 1172 1301 pi.

147 1303 257 1368 tronus
288 1306 345 1371 aut
372 1324 527 1369 arenosus
554 1303 666 1388 fuerit,
702 1305 789 1388 quod
819 1305 887 1370 sine
915 1305 1013 1371 dubio
1046 1325 1171 1391 aggere

145 1389 236 1460 *facto
259 1392 475 1458 munitionem
490 1393 615 1460 ¹cestris
637 1393 779 1476 praebet

238 1477 291 1548 54.
321 1480 470 1567 Angelos
507 1477 689 1548 castrorum
725 1481 875 1548 circinari
907 1484 1052 1566 oportet,
1090 1481 1170 1566 quia

108 1584 134 1626 1⁶
149 1588 246 1634 coxas
278 1568 425 1636 efficiunt
452 1570 723 1656 instabilinntque
755 1592 837 1655 opus
868 1570 1169 1656 propugnationem

51 1659 302 1742 136b2tutantes.
347 1656 507 1725 Circinari
532 1659 537 1743 Ι
563 1657 727 1726 debebunt
755 1680 793 1724 ex
822 1659 951 1745 engolis
975 1658 1169 1743 cohortium,

147 1767 230 1831 quae
262 1743 407 1812 efficiunt
438 1747 647 1814 latitudinem
675 1747 783 1832 operis
814 1747 934 1832 pedum
960 1745 1032 1832 LX,
1064 1769 1168 1831 usquc

148 1855 210 1918 quo
238 1834 342 1900 lineas
373 1836 547 1902 exteriores
580 1835 877 1920 comprehenderis,
909 1857 990 1921 quae
1023 1835 1168 1900 efficiunt

147 1925 277 2007 partem
291 1926 448 2008 quartam.
494 1924 547 1990 55.
570 1922 737 1997 Similiter¹
750 1924 908 1992 clavicula
931 1923 1105 1990 circinatur
1127 1945 1167 1988 ex

107 2011 236 2078 rolinea
257 2013 410 2081 interiore
433 2013 525 2098 valli,
557 2015 679 2098 puncto
702 2013 827 2080 mediae
849 2015 976 2098 portae,
1013 2012 1166 2096 adaperto

148 2099 267 2166 circino
300 2101 342 2166 ad
373 2101 537 2168 cardinem
569 2105 693 2185 portae.
746 2101 798 2167 nx
829 2123 867 2167 eo
899 2101 1004 2167 medio
1035 2103 1166 2184 praeter

149 2187 237 2253 viam
260 2189 434 2256 circinabis
453 2190 490 2254 in
508 2189 643 2258 eandem
661 2189 791 2272 lineam,
810 2211 891 2274 quae
910 2192 1019 2255 centro
1038 2189 1165 2254 serviet.

146 2276 245 2362 Item,
276 2279 396 2361 puncto
430 2281 597 2362 manente,
632 2277 750 2358 adicies
781 2277 989 2345 latitudinem
1021 2276 1100 2342 valli
1131 2281 1164 2342 et

147 2366 266 2431 iterum
289 2365 461 2434 circinabis
484 2367 519 2432 in
543 2365 678 2433 eandem
696 2368 825 2452 lineam,
847 2369 885 2432 ut
902 2367 1063 2434 intrantes
1085 2387 1164 2432 aem·

150 2565 268 2615 lcervc
288 2576 355 2647 ervo
373 2557 615 2616 litrunciramoasi.
688 2557 880 2630 biragoritnr.
935 2555 1090 2629 3lapidem
1106 2571 1162 2610 mo-

148 2665 235 2722 suem
251 2636 394 2725 maer
466 2665 612 2736 copiosum
633 2664 742 2720 aarum
813 2663 909 2734 cripe
981 2661 1159 2719 cordicibus

148 2740 303 2792 castrorum
320 2736 374 2790 1111
394 2737 498 2805 castre,
522 2738 677 2792 castrorum
695 2737 773 2792 decit
790 2735 845 2791 ccc
932 2741 947 2790 7
966 2733 1092 2802 aequites

749 2837 765 2866 u
948 2840 951 2844 ,

148 2877 288 2934 9tuende
375 2884 408 2935 10
427 2877 550 2950 vigilatae
636 2877 826 2932 constituntur
911 2882 944 2931 11
962 2875 1074 2930 bullont
1094 2889 1156 2930 ccrr.

147 2950 210 3006 Scb.
285 2954 317 3004 12
337 2949 435 3022 aggeri
517 2955 552 3006 14
571 2948 690 3019 augurius
777 2945 1080 3016 ltinstabiliuntquae

147 3019 404 3144 {repugnationem
426 3015 522 3075 tutent
599 3025 632 3075 16
652 3035 685 3074 ex
704 3019 822 3089 angulos
896 3024 929 3073 17
949 3033 1048 3101 quaeq.
1067 3014 1159 3070 latitu-

169 3090 229 3146 ines
249 3090 340 3162 operis
397 3097 430 3147 18
449 3090 526 3145 linea
544 3089 694 3146 exteriores
714 3088 977 3161 compraehendent
1036 3092 1081 3142 -19
1098 3103 1157 3158 para

149 3232 249 3300 quarta
266 3247 334 3290 corr.
350 3231 405 3290 acu
476 3238 511 3287 20
529 3231 600 3287 balli
671 3230 767 3286 iuncto
787 3233 866 3306 (corr.
886 3230 951 3302 Sca)
969 3229 1079 3286 mediae
1095 3187 1155 3308 pdte

148 3303 307 3360 candorio
380 3309 414 3359 21
433 3304 514 3374 porte
587 3301 741 3372 comedia,
760 3308 942 3360 onerante
960 3318 995 3357 ea
1049 3306 1082 3356 22
1099 3313 1155 3353 nae

186 3384 219 3500 ai
238 3442 339 3515 punito
359 3441 487 3500 manenti
558 3393 654 3500 accdi
