2486 3948
148 237 189 302 12
546 233 764 290 PRAEFATIO

147 399 262 484 quinta
283 398 404 483 peditis
433 402 467 465 et
494 397 557 463 duo
582 397 679 463 semis
704 397 831 500 equitis.
875 397 993 462 Item
983 419 1104 464 rurae.
1123 400 1173 466 26

146 489 287 591 scriptor
318 489 404 553 inter
437 508 471 552 se
501 473 717 587 comparavit
734 485 851 571 pedem
883 487 1003 571 peditis
1036 492 1070 553 et
1101 489 1172 555 duo

147 579 243 642 semis
273 577 406 661 equit,
363 577 391 641 is
436 597 514 641 nam
540 579 625 641 nunc
652 575 691 640 de
718 575 902 661 redigendis
931 576 1095 660 equitibus
1126 579 1171 642 ad

144 666 271 750 pedites
290 666 461 752 agitanci
474 665 707 749 proportioint
707 685 811 729 areos
827 668 877 729 est
898 666 1047 749 1:1³5-
1062 667 1159 750 2†.3
1160 717 1169 734 .

146 753 182 819 Ο.
200 755 244 820 25
266 755 368 839 igtur
390 754 499 837 portio
522 753 657 838 peditis,
685 753 790 838 qualis
812 773 848 817 re
870 773 949 819 vera
972 759 1035 840 est,
1066 757 1167 822 nobis

145 844 185 908 ab
209 843 320 908 oculos
343 843 484 926 ponitur,
507 863 532 907 c.
547 842 590 908 26
605 843 712 927 qualis
732 841 905 926 aptissima
918 846 968 910 est
981 843 1016 908 in
1031 865 1166 929 compu-

143 933 269 997 tatione
288 932 442 1017 equitnm.
471 929 543 996 lam
562 931 715 1016 suspicer,
734 931 877 1016 aliquem
895 931 980 996 hanc
998 932 1167 1016 duplicem

143 1022 398 1105 proportionem,
421 1021 574 1105 quoniam
595 1040 662 1084 non
680 1019 904 1104 intellexisset,
926 1020 961 1084 in
980 1021 1167 1105 simplicem

144 1111 322 1175 mutavisse
341 1107 506 1188 adnotatis
525 1109 643 1193 verbis,
657 1107 741 1173 unde
756 1108 922 1174 exordium
935 1107 1081 1195 fecimus,
1096 1110 1168 1176 ‘an-

143 1199 229 1263 iecta
252 1195 387 1281 quinta'.
430 1195 492 1262 Sed
514 1198 619 1262 textui
641 1197 706 1281 ipsi
728 1219 862 1263 manum
886 1197 1059 1264 admovere
1081 1220 1166 1265 non·

144 1285 220 1351 dum
236 1285 390 1369 sustinui,
406 1287 486 1351 satis
499 1285 614 1369 hebui,
633 1286 750 1369 quibus
765 1286 952 1370 offenderes,
967 1288 1165 1370 exposuisse.

233 1396 259 1440 c.
277 1375 330 1441 27.
366 1374 472 1440 Habet
496 1376 598 1454 saque
624 1373 730 1440 cotom
761 1376 898 1456 metatu
924 1375 1068 1441 miliaria
1094 1397 1165 1443 ccre-

145 1465 246 1530 turr'as
268 1462 305 1529 X
319 1464 470 1548 peditem,
491 1464 628 1546 equitum
649 1461 764 1529 CCXL
786 1468 906 1529 berosus
928 1462 979 1546 X]
1008 1463 1039 1528 A
1061 1465 1166 1532 habet

143 1555 277 1635 aequites
302 1553 367 1635 ped
388 1550 505 1619 OOXL
533 1557 653 1618 tarmus
777 1549 823 1618 Ut
854 1553 1002 1617 ultimam
1024 1553 1164 1618 eiciendi

142 1642 304 1706 rationem
325 1642 478 1725 marem,
504 1641 693 1725 transposui
715 1642 785 1724 ped.
808 1643 966 1724 aequitum
989 1645 1022 1706 et
1044 1642 1163 1725 geniti·
1232 1699 1237 1710 .

143 1751 202 1794 vos
248 1749 328 1794 osu1.

224 1751 347 1884 pOolrors
368 1819 505 1900 equitate
526 1818 740 1920 ςιιιιίιριιιιινιιιΙ
753 1817 843 1883 babet
859 1819 1014 1884 centerius
1028 1819 1089 1904 VI,
1111 1840 1162 1886 re·

143 1908 227 1986 liquo
243 1927 305 1990 pro
321 1911 414 1990 parte
431 1907 577 1988 donidio]
601 1905 740 1992 Lange'
729 1907 853 1972 mserui
855 1911 963 1991 tpost
983 1870 1160 1975 centdrias

144 1995 209 2061 VI'
234 2001 354 2062 termus
373 1995 435 2081 VI,
463 1995 518 2062 sed
542 1995 619 2082 quid
641 1999 713 2061 tum
736 1996 800 2062 sibi
824 1996 893 2062 vult
917 1996 1112 2062 adiectum
1113 2020 1162 2063 re-

141 2085 232 2168 liqua
253 2106 313 2167 pro
337 2047 435 2168 parte,
454 2084 609 2150 dimidia'.
654 2083 789 2150 Accedit
774 2085 923 2169 t,quod,
947 2086 976 2149 si
997 2079 1161 2170 Langium

143 2173 323 2256 sequimur,
355 2172 563 2237 statuendum
596 2173 670 2255 erit,
702 2173 737 2236 in
764 2177 874 2236 turma
902 2173 973 2238 alae
1000 2173 1161 2240 miliarias

143 2260 296 2344 XXIV,
286 2283 321 2325 ιιι
343 2263 453 2325 turma
475 2262 545 2326 alae
568 2261 799 2345 quingenariae
817 2260 879 2326 XX
903 2263 993 2346 equit
994 2283 1028 2327 es
1049 2261 1160 2331 fuisse.

233 2371 258 2414 c.
277 2349 320 2414 29
344 2349 387 2413 in.
402 2350 526 2414 correxi
548 2350 585 2414 ire
601 2354 760 2414 retentura
776 2354 947 2432 poscam
983 2350 1094 2435 Lange
1112 2373 1160 2416 ra-

142 2438 242 2502 tinuit
263 2438 413 2520 ponimus
444 2442 478 2503 et
508 2461 540 2522 p.
561 2438 623 2504 181
652 2437 743 2503 addit
771 2437 978 2523 ‘quamquam
1009 2439 1159 2506 nationes

144 2527 347 2593 accusativus
371 2530 436 2612 est,
462 2527 615 2593 liberiore
638 2531 749 2592 tamen
772 2527 990 2612 appositionis
1013 2533 1158 2594 constru-

142 2617 249 2682 ctione
280 2617 414 2682 nomina
449 2617 597 2701 gentium
628 2617 663 2681 in
694 2616 896 2683 nominativo
912 2617 1034 2700 ,posita
1061 2617 1157 2684 sunt'.

142 2704 230 2770 Num
253 2726 449 2790 quemquam
472 2706 607 2786 invenit,
630 2705 686 2788 qui
709 2705 739 2769 ei
762 2704 859 2780 fidem
882 2704 1021 2769 habuit?

231 2813 257 2857 c.
275 2794 327 2858 30.
358 2794 516 2860 sacellarii
539 2790 691 2874 clano]
719 2794 767 2857 ita
789 2793 833 2876 A,
862 2791 976 2857 Schele
1000 2797 1034 2858 et
1046 2793 1157 2879 Lange

142 2884 352 2946 correxerunt
375 2879 487 2967 0101),
510 2879 688 2947 Salmasius
712 2878 908 2966 OIODOOO,
931 2882 1019 2965 quod
1036 2886 1157 2948 utrum·

141 2991 203 3054 que
226 2969 346 3034 falsum
370 2974 428 3036 cst.
473 2971 585 3056 Lange
607 2993 637 3054 p.
659 2970 722 3036 182
750 2969 845 3034 docet
871 2968 1030 3035 ‘videmus
1058 2972 1156 3057 igitur

141 3059 176 3122 in
204 3058 347 3124 exercitu
373 3057 499 3144 Hygini
531 3059 669 3144 singulis
696 3058 882 3144 legionibus
910 3057 941 3122 D
970 3059 1155 3128 vexillarios

142 3146 271 3212 additos
294 3145 386 3212 esse’.
418 3145 482 3212 Sed
500 3148 584 3212 unde
603 3148 791 3214 videamus?
820 3145 974 3234 Hyginus
996 3170 1154 3233 nusquam

142 3235 181 3300 de
203 3258 339 3302 numero
366 3235 609 3302 vexillariorum
636 3236 773 3322 legionis
800 3236 958 3322 loquitur,
984 3237 1047 3302 nisi
1070 3234 1152 3318 quod

141 3345 167 3389 e.
186 3324 208 3389 5
230 3325 274 3389 in.
297 3346 354 3391 eos
376 3325 418 3390 ad
448 3329 656 3391 sexcentenos
683 3325 832 3391 homines
859 3325 1039 3409 computari
1067 3322 1152 3389 dicit.

141 3435 167 3479 c.
188 3414 206 3478 7
231 3419 463 3497 comparantur
490 3415 575 3480 inter
604 3437 638 3478 se
659 3415 836 3498 vexillarii,
867 3413 982 3478 cohors
1009 3411 1153 3496 peditatu

142 3503 369 3588 quingenario,
399 3503 514 3570 cohors
537 3503 717 3586 legionaris
745 3507 779 3568 et
801 3506 935 3587 apparet
962 3523 1000 3565 ex
1023 3522 1062 3566 eo
1084 3501 1151 3567 loco
