2486 3948
492 226 711 284 PRAEFATIO.
1089 226 1109 289 9

91 413 236 476 unquam
250 389 403 476 Hyginus
426 390 474 455 ite
492 390 671 474 usurpavit,
693 393 730 454 ut
743 388 854 474 Lange
877 389 995 475 posuit.
1032 388 1111 456 Grn-

91 482 165 546 vius
189 479 327 563 videtur,
350 477 437 562 quod
455 484 551 561 prout
571 479 606 544 in
627 481 721 542 textu
740 500 760 542 0
781 476 908 562 Longis
932 479 1110 546 constituto

89 569 177 634 nihil
201 567 291 634 eliud
312 567 476 652 significat
496 568 562 634 nisi
583 572 627 646 ut,
649 566 852 632 desideratur
870 570 979 632 eutem
997 573 1110 634 nostro

89 659 166 724 loco
190 657 350 722 eiusmodi
370 657 479 722 notio:
509 655 696 722 decuriones
721 659 781 720 etc.
807 659 859 722 tot
885 655 998 740 habet,
1031 660 1111 740 quot

88 752 229 812 turmas.
266 745 336 822 Qus
360 767 399 810 ex
423 766 520 810 00000
538 746 653 829 scripsi
670 745 783 826 reliqui
801 748 835 810 et
852 765 1005 812 00000ον00.
1038 745 1110 810 Iam

88 857 175 920 opus
197 834 262 900 fuit
285 833 454 918 sequentia
476 837 532 898 aut
555 834 717 919 corrigere
739 835 809 916 oqui
830 839 867 898 ut
888 837 959 918 sut,
988 838 1026 901 ut
1049 854 1110 918 ego

87 922 1179 1008 ΜΜΜΜΜΜΜΜΜ.

89 1013 203 1098 potuit
225 1016 259 1078 et
280 1013 347 1076 ism
370 1011 536 1095 superiore
558 1011 631 1077 loco
656 1011 803 1078 occurrit.

183 1139 210 1184 0.
230 1118 281 1182 17.
313 1117 376 1182 Per
398 1119 486 1184 ouius
507 1119 641 1200 rigorem
658 1123 788 1200 utroque
799 1123 899 1201 parte,
922 1137 991 1183 cum
1009 1118 1112 1182 maior

88 1207 242 1273 000ον011000
263 1211 309 1271 est
328 1206 383 1272 boo
405 1217 448 1272 est
469 1207 603 1289 quinque
630 1207 759 1290 10910000
786 1212 816 1272 et
835 1227 946 1291 supro,
978 1205 1112 1272 00100100

90 1296 281 1380 correctae
311 1296 384 1360 duri
414 1295 526 1377 solent]
565 1294 667 1360 Miror
702 1294 820 1382 Langii
853 1295 1017 1375 fiduciam,
1055 1297 1111 1380 qui

18 1413 24 1426 ·
90 1407 123 1470 p.
145 1384 210 1449 164
234 1382 310 1448 ‘non
333 1383 475 1468 dubitet,
503 1384 582 1468 quin
608 1385 708 1450 verbu
735 1384 775 1449 ad
805 1384 1001 1448 sententiam
1024 1387 1112 1450 recte

92 1470 372 1555 accommodarit',
405 1493 602 1558 quamquam
629 1471 763 1557 Hygino
792 1475 903 1554 aperte
934 1472 1111 1555 pessimam

91 1563 160 1628 vim
191 1561 311 1626 intulit.
355 1559 497 1626 Inseruit
528 1561 614 1625 enim
649 1564 726 1646 post
758 1559 911 1645 ‘quinque
943 1560 1111 1645 legiones',

92 1647 256 1716 ‘cohortes
280 1649 412 1732 quintae
441 1648 581 1732 legionis
613 1652 651 1713 ut
678 1671 779 1734 supro
807 1649 902 1730 [haec
924 1649 986 1714 duo
1010 1649 1112 1715 verbe

90 1760 151 1823 pro
175 1743 205 1804 et
220 1757 318 1820 supro
335 1737 520 1818 Arcericni]
544 1737 580 1802 in
602 1741 812 1821 praetenturis
829 1738 948 1804 tertiae
967 1741 1000 1803 et
1018 1760 1112 1822 quar·

90 1826 167 1892 tse'.
204 1825 309 1892 Multo
333 1826 460 1891 cautius
485 1827 553 1912 egit
570 1824 694 1908 Schele,
718 1827 774 1912 qui
789 1825 943 1911 ‘quinque
965 1827 1110 1912 legiones

92 1921 127 1982 et
151 1937 260 1999 supra,
282 1914 438 1998 pedatura
461 1916 588 1980 cohorti
608 1917 735 1999 primae
759 1915 830 1980 dari
848 1914 943 1980 solet'
961 1916 1110 1980 correxit.

93 2003 152 2069 ‘Et
175 2003 286 2087 supra'
309 2005 416 2087 recepi
443 2003 632 2068 recordatus
665 2004 783 2088 ospitis
810 2004 845 2085 4,
876 2002 933 2066 ubi
965 2001 1110 2067 invenies

1 2177 2 2180 Ἴ
92 2093 256 2178 ‘quotiens
289 2095 399 2158 sutem
431 2091 574 2176 quinque
610 2091 661 2156 vel
693 2113 749 2156 sex
781 2091 926 2176 legiones
960 2095 1111 2175 acceptae

91 2179 244 2265 fucrint',
255 2181 311 2246 sed
329 2180 459 2264 longius
474 2177 640 2246 Scheliurn
659 2180 750 2264 sequi
767 2201 834 2247 non
848 2180 998 2246 sustinui.
1025 2177 1111 2245 Nam

93 2273 229 2355 propter
250 2269 359 2353 verbs,
387 2291 469 2353 quae
497 2274 575 2334 sunt
598 2267 668 2352 ‘per
695 2269 784 2334 cuius
811 2270 955 2353 rigorem
982 2275 1112 2351 utaque

93 2357 199 2442 parte'
228 2379 295 2423 non
318 2357 429 2424 debuit
452 2356 567 2424 Schele
594 2356 633 2422 de
662 2358 796 2424 cohorte
823 2358 930 2443 prime
957 2358 1111 2442 cogitare.
1205 2437 1210 2443 .

92 2445 169 2512 Mes
190 2447 351 2512 correctio
374 2450 508 2529 rectum,
531 2446 654 2530 opinor,
680 2467 809 2511 sensum
833 2445 975 2530 exhibet,
999 2446 1112 2512 cohor-

91 2539 144 2601 tes
172 2535 373 2620 legioneriae
400 2535 465 2598 nisi
490 2535 685 2598 necessitate
712 2538 848 2616 cogente
876 2555 943 2598 non
973 2538 1049 2597 sunt
1077 2535 1113 2597 in

92 2627 269 2690 retentura.
314 2622 407 2699 Quod
431 2623 470 2686 sd
498 2621 683 2686 litterarum
711 2621 957 2686 similitudinem
985 2622 1112 2704 attinet,

94 2712 253 2799 gaudebo,
276 2713 305 2778 si
329 2712 401 2796 quis
423 2711 640 2776 coniecturam
660 2710 819 2794 attulerit,
842 2708 1112 2794 000010001οο1-

94 2802 189 2866 cilior
213 2801 389 2886 eademque
412 2800 542 2884 plenior
564 2800 616 2878 sit.

185 2929 211 2972 c.
232 2908 283 2972 19.
318 2907 372 2972 ubi
398 2912 428 2970 et
451 2905 716 2990 oportuerant
744 2910 773 2968 et
798 2903 934 2988 retiquae
956 2907 1109 2986 00110000]

94 2996 134 3062 In
159 2995 191 3061 A
220 3000 271 3060 est
302 3000 332 3060 et
356 2999 643 3077 spusumuotores.
702 2991 759 3058 Bis
796 2998 927 3077 praeter
962 2997 1111 3059 nostrum

94 3086 203 3150 locum
222 3085 334 3150 eodem
352 3083 420 3148 fere
438 3084 527 3150 vocis
546 3084 652 3148 forma
670 3083 705 3146 in
718 3078 844 3166 Hygini
867 3082 952 3147 libro
972 3081 1112 3146 occurrit

95 3195 120 3238 c.
139 3174 183 3238 29
208 3177 241 3238 et
263 3173 315 3238 43.
360 3171 411 3236 Ex
435 3195 460 3237 c.
478 3173 520 3238 29
531 3170 596 3301 ἐξ
608 3169 686 3256 quid
709 3171 797 3237 aliud
814 3165 933 3236 'datum
955 3169 1055 3236 fuerit
1077 3171 1112 3236 in

95 3315 240 3381 exercitu
259 3336 419 3380 summam
440 3313 633 3380 clarificum?
653 3311 715 3400 (ite
732 3311 777 3399 A)
798 3314 944 3397 apparet,
966 3333 1032 3378 non
1054 3334 1111 3378 no-

95 3425 172 3470 men
194 3405 362 3488 proprium
385 3403 493 3488 gentis
517 3407 624 3468 certae
648 3402 827 3486 cuiusdam,
851 3400 906 3466 sed
931 3421 1032 3486 genus
1057 3423 1112 3484 ep-

96 3492 291 3577 pellativum
313 3491 444 3577 requiri.
489 3491 634 3558 Eatenus
658 3513 731 3557 cum
754 3490 879 3575 Langio
906 3490 1002 3557 facio.
1048 3487 1112 3555 sed
