2486 3948
249 189 358 246 LIBER
376 189 425 244 DE
443 189 711 246 MUNITIONIBUS
731 189 959 248 CASTRORUM.
1068 191 1110 256 21

87 353 229 420 tendere
261 354 439 438 debebunt,
470 355 536 420 alia
567 355 603 420 in
633 357 844 438 praetentum
874 354 1026 422 similiter
1055 377 1114 440 per

88 444 239 530 rigorem
257 444 330 510 viae
354 443 514 527 augularis
537 443 734 509 intrantibus
761 446 892 527 portam
913 445 1112 529 praetoriam

90 536 190 617 parte
213 533 319 616 laeva3
347 531 459 596 dextra
482 532 631 598 cohortes
655 531 737 598 duae
760 531 942 598 contrariae
965 531 1122 617 tendant„

90 626 132 687 nt
164 621 270 705 possit
302 620 462 686 exercitus
495 621 700 687 combinatus
732 619 833 686 educi.
892 620 923 684 4.
955 619 1113 697 Quotiens

91 712 206 774 autem
230 709 371 794 quinque
393 708 444 775 vel
463 731 519 775 sax
537 709 684 794 legiones
703 706 864 796 acloeptae
878 709 1007 793 fuerint,
1031 709 1113 776 duae
1122 728 1210 795 1281«¹

93 799 247 864 cohortes
270 799 394 883 primae
422 797 580 863 lateribus
607 798 764 882 praetorii
786 798 919 864 tendere
942 798 1141 884 debebunte

94 885 181 952 duae
207 887 243 950 in
266 889 488 971 praeteritura,
516 907 613 971 super
640 886 757 970 quibus
785 887 1034 972 valetudinaria,
1063 888 1114 954 de

94 975 172 1040 inde
196 975 369 1060 vexillarii3
395 979 428 1040 et
450 977 479 1041 si
501 997 552 1040 rer
576 975 695 1060 exiget,
717 975 835 1041 cohors
857 975 1004 1061 peditata
1023 977 1115 1061 quin·

95 1063 234 1150 genaria
255 1064 328 1130 loco
351 1062 594 1130 vexillariorum
612 1063 697 1129 solet
710 1064 899 1150 superponi,
923 1068 970 1148 at,
993 1064 1022 1130 si
1040 1065 1115 1130 stri-

94 1153 180 1218 ctior
210 1151 309 1217 fixerit
339 1152 512 1237 pedatura,
544 1152 662 1218 cohors
693 1153 876 1238 legionario
907 1153 978 1218 dari
1010 1152 1115 1237 debet,
1129 1169 1156 1209 1⁰

95 1241 154 1305 sed
176 1262 311 1306 numero
335 1262 404 1324 suc,
426 1245 464 1306 ut
481 1239 570 1306 LXX
592 1241 690 1327 pedes
713 1241 987 1308 valetudinarium
1009 1246 1043 1307 et
1064 1264 1116 1307 re-

95 1329 199 1414 liqua,
221 1351 304 1413 quae
322 1352 421 1414 supra
445 1331 587 1414 tendent,
611 1330 781 1415 accipiant,
803 1330 865 1396 hoo
889 1334 940 1395 est
956 1331 1115 1397 veterina-

95 1418 183 1484 rium
207 1421 240 1482 et
262 1418 396 1502 fabrica,
419 1440 501 1502 quae
523 1419 598 1485 ideo
615 1418 748 1503 longius
767 1419 876 1502 posita
891 1421 953 1498 est,
976 1422 1015 1484 ut
1028 1419 1114 1484 vale-

94 1506 299 1573 tudinarium
314 1505 460 1590 quietum
481 1529 551 1572 esse
565 1506 863 1572 convalescentibus
877 1510 998 1590 posset.
1029 1505 1115 1582 Quo·

95 1617 183 1748 raput
202 1594 391 1749 pedatupaaril
415 1596 451 1694 in
482 1595 628 1679 singulas
660 1595 783 1679 speeies
816 1595 857 1660 ad
883 1594 1033 1662 homines
1062 1592 1212 1680 OOlnsa,

96 1705 167 1750 soe
205 1704 276 1748 corn
298 1707 320 1749 u
387 1732 395 1748 .
1130 1699 1156 1740 1⁶

187 1771 217 1837 5.
255 1705 427 1838 Vpexillarii
454 1773 621 1857 legionum
650 1773 784 1838 eandem
810 1773 1004 1858 pedaturam
1033 1774 1115 1838 acci·

95 1882 174 1946 pere
198 1859 327 1945 debent,
350 1883 448 1946 quam
471 1861 588 1928 cohors
611 1862 799 1947 legionaria,
823 1863 900 1946 quia
923 1861 963 1926 ad
987 1883 1118 1927 sexcen-

1 2007 2 2015 ,
94 1955 191 2015 tenor
214 1949 363 2014 homines
390 1953 630 2034 computantur.
675 1947 782 2015 Causa
809 1949 1116 2032 impedimentorum

96 2038 230 2104 tendere
253 2038 372 2103 debent
393 2038 428 2102 in
450 2041 659 2121 praeteritura
681 2037 732 2102 vel
755 2038 859 2102 latere
884 2037 1056 2121 praetorii,
1078 2042 1116 2103 ut
1129 2053 1158 2093 2⁰

97 2127 258 2210 dixeram,
281 2147 378 2210 super
396 2126 548 2192 ,cohortes
575 2125 709 2210 primas.
754 2125 807 2191 Ad
833 2126 970 2210 vallum,
994 2125 1022 2191 si
1045 2127 1116 2192 fieri

97 2218 218 2300 potest,
240 2215 313 2281 ideo
337 2215 469 2281 tendere
490 2237 558 2282 non
581 2215 711 2299 debent,
741 2214 827 2300 quod
851 2215 980 2300 legatus
1003 2237 1117 2280 eorum

97 2304 223 2388 pariter
240 2325 306 2369 non
329 2304 443 2389 citet,
475 2305 504 2369 si
531 2326 608 2370 casu
631 2305 673 2369 ab
696 2303 790 2370 hoste
813 2303 934 2370 vallum
956 2304 1117 2388 interrup-

98 2397 170 2458 tum
193 2391 300 2476 fuerit,
324 2393 411 2478 legio
435 2397 468 2459 et
489 2394 617 2478 legatus
637 2414 748 2459 eorum
770 2414 827 2476 per
845 2392 1033 2459 vexillarios
1050 2391 1116 2458 fac·

98 2484 170 2548 tum
193 2502 263 2546 esse
286 2480 465 2549 contendet
1130 2494 1160 2535 2⁵

190 2569 220 2635 6.
257 2566 416 2635 Cohortes
448 2567 632 2652 praetoriae
671 2566 828 2632 lateribus
859 2567 1016 2649 praetorii
1047 2571 1119 2632 ten·

103 2741 184 2798 lalii
203 2759 271 2800 corr.
290 2743 346 2799 aea
417 2747 433 2798 8
452 2743 518 2796 leva
540 2741 620 2796 extra
638 2740 781 2796 cohortem
800 2736 940 2794 contrario
959 2737 1060 2792 tendat

100 2812 309 2868 lcumuinatus
359 2812 474 2925 bviaei
505 2819 619 2883 lanpra
672 2808 873 2867 valetutinaria
926 2808 1119 2866 8vexillarive

453 2897 464 2926 Ι

100 2938 201 2993 cohors
229 2938 353 2992 sedunde
425 2939 454 2992 et
472 2953 518 2992 res
567 2936 662 2992 tloca
712 2940 746 2990 10
761 2933 842 2988 cohrs
860 2932 1032 3004 legionariae
1051 2933 1119 2988 dare

100 3009 207 3065 eorr.L
254 3015 286 3064 11
301 3008 548 3064 valletudinarium
595 3005 760 3061 lutondans
798 3012 831 3061 13
844 3004 1083 3060 baletudinarium

102 3137 136 3186 re
149 3131 317 3201 pedaturam
369 3130 498 3187 homines
518 3133 547 3185 a
570 3130 704 3186 caasa
778 3136 810 3185 ιτ
824 3127 962 3186 vennae
1020 3089 1120 3182 eidem

151 3219 286 3273 accepere
350 3209 383 3258 18
398 3201 475 3270 quod
494 3201 593 3258 cohors
613 3201 775 3258 ccrr.Salm.
834 3216 906 3269 quae
925 3197 961 3252 ad
980 3205 1120 3254 sescente-

101 3290 160 3329 noa.
218 3279 250 3328 19
265 3273 455 3344 conputantur
521 3272 778 3343 inpedimentorum
848 3277 881 3325 21
893 3268 1030 3340 ntprimas
1049 3287 1120 3327 corr.

101 3397 156 3454 eea
209 3397 316 3453 ballum
388 3401 422 3452 28
442 3345 557 3452 elcana.
616 3395 724 3452 ballum
741 3395 914 3466 interruptor
969 3401 1004 3450 26
1019 3394 1120 3450 cohors

101 3483 171 3525 corr.
191 3467 245 3524 Set
321 3466 469 3539 praetoriis
