2486 3948
120 188 164 252 22
567 185 699 242 HYGINI

22 365 107 437 ¹²⁸b¹
122 350 196 415 dere
216 349 222 434 l
241 349 361 414 debent
379 352 413 415 el
431 349 562 435 duplam
585 347 777 451 pedaturanr
795 348 949 450 recipere,
967 349 1053 434 quod
1071 353 1143 418 ten·
1238 373 1240 376 ·

119 436 982 612 traiceretirretiantur
999 443 1143 613 atra

119 616 318 700 praetoriani
342 617 444 680 latere
467 614 581 680 dextro
604 614 770 699 praetorii,
794 615 977 698 singulares
1000 616 1143 701 impera·

93 705 201 771 aroris
225 705 328 770 latere
351 704 494 769 sinistro.
525 702 669 780 Quorum
689 703 718 769 si
736 703 842 768 nraior
859 725 1011 770 numerus
1030 705 1141 791 inerit,
1164 751 1166 754 -

119 797 238 878 utputa
260 793 441 878 singulares
465 789 536 875 Do,
565 791 764 876 praetoriani
788 789 882 877 000,
909 797 1063 876 poterunt
1085 793 1142 861 GL

121 882 304 966 singulares
327 881 362 946 in
385 881 491 966 striga
517 882 798 966 praetorianorum
825 879 966 946 tendere.
1014 881 1069 948 Ita
1091 884 1143 969 fit,

119 973 157 1035 ut
180 974 212 1036 et
234 970 305 1054 pari
328 991 465 1035 numero
485 969 637 1054 dispositi
656 969 845 1035 decuriones
864 972 897 1035 et
917 971 1035 1055 reliqui
1052 973 1143 1056 prin-

122 1059 243 1143 cipales
267 1080 379 1125 eorum
401 1059 496 1124 binos
520 1079 620 1143 equos
639 1059 840 1142 possidentes
859 1060 1050 1143 propensius
1069 1065 1143 1126 ten-

22 1149 210 1235 nearent.
255 1147 301 1212 Et
328 1149 356 1212 si
385 1147 492 1213 minor
518 1167 671 1212 numerus
703 1145 923 1234 utrorumlque
954 1147 1066 1233 fuerit,
1102 1155 1144 1215 ut

79 1236 264 1312 11centenis
283 1236 446 1320 equitibus
465 1235 673 1320 semistrigiis
694 1236 761 1300 suis
781 1236 884 1302 laxius
903 1237 1049 1322 tendant,
1071 1260 1141 1304 non

120 1325 183 1390 crit
205 1325 446 1408 haesitandum,
475 1323 629 1409 quoniam
657 1324 854 1393 officialibus
877 1324 973 1389 lateri
1004 1326 1139 1393 sinistro

119 1414 278 1498 proximis
301 1413 349 1479 ibi
371 1412 529 1498 pedatura
548 1413 747 1498 adsignetur.
794 1413 824 1479 8.
843 1411 1141 1490 Quodsicohortes

119 1503 305 1588 praetoriae
327 1503 469 1586 impares
488 1506 640 1587 acceptae
658 1501 787 1586 fuerint,
811 1501 963 1586 quoniam
983 1525 1141 1570 numerus

79 1609 107 1650 1⁶
122 1595 155 1656 et
178 1591 227 1655 dis
251 1593 349 1656 ositio
368 1592 481 1657 dextra
503 1593 660 1677 laevaque
683 1591 840 1675 praetorii
864 1591 1136 1678 semistrigiorum

121 1613 296 1762 aparilrus
325 1701 395 1744 csse
423 1680 555 1758 debent,
586 1680 659 1745 loco
687 1678 830 1745 cohortis
859 1679 983 1765 equites
1006 1685 1139 1765 praeto-

120 1767 205 1832 riani
236 1770 407 1850 ponentur.
452 1767 641 1854 Singulares
674 1772 784 1832 autem
812 1765 937 1852 equites
970 1769 998 1833 si
1025 1769 1140 1837 Doce

121 1859 177 1921 aut
196 1854 332 1921 Deduc
355 1855 489 1940 fuerint,
502 1855 584 1941 'pari
602 1876 737 1920 numero
756 1856 894 1940 integris
918 1857 1032 1942 strigis
1056 1859 1137 1924 late·

120 1944 211 2011 ribus
235 1945 368 2010 tendere
391 1945 567 2025 debebunt,
601 1945 629 2010 si
652 1945 692 2011 ad
715 1944 745 2008 D
769 1944 904 2030 fuerint,
936 1946 1141 2034 semistrigia

79 2051 106 2092 ro
121 2035 167 2098 eis
192 2035 365 2100 sufficiant.

22 2140 106 2208 1292.¹
210 2123 239 2186 9.
271 2122 357 2187 Illud
380 2123 521 2187 maxime
544 2119 727 2210 obserlvare
755 2121 959 2208 debebimus,
990 2127 1027 2187 ut
1048 2125 1139 2191 latus

119 2211 275 2294 praetorii
302 2231 369 2275 non
395 2211 470 2293 plus
498 2231 596 2295 quarn
618 2207 766 2275 DOOXX
792 2211 891 2295 pedes
918 2210 1139 2296 longitudinis

120 2299 269 2382 accipiat.
300 2295 436 2382 Italici,
459 2301 497 2363 ut
519 2297 670 2363 cohortes
693 2298 820 2382 primae
843 2303 876 2364 et
897 2301 1080 2384 praetoriae
1104 2305 1140 2367 et

119 2388 264 2471 reliquus
286 2407 453 2470 numerus,
478 2387 533 2472 qui
554 2386 658 2452 latere
681 2387 837 2472 praetorii
859 2388 977 2474 tendit,
999 2388 1139 2474 integris

79 2493 106 2534 rs
121 2476 234 2560 strigis
259 2498 318 2540 sua
340 2475 497 2560 pedatura
520 2477 642 2560 optime
665 2475 810 2542 tendant.
855 2475 955 2560 Nam,
979 2481 1139 2560 quantum

121 2565 162 2630 ad
197 2564 405 2630 latitudinem
442 2565 598 2650 praetorii
628 2565 731 2631 totius
764 2565 896 2650 attinet,
933 2588 953 2631 a
980 2563 1064 2630 OLX
1096 2566 1139 2631 ad

121 2762 134 2809 1
150 2758 183 2810 ut
202 2755 319 2826 duplam
369 2763 385 2811 2
400 2754 550 2827 temporib.
564 2755 679 2810 maioris
694 2773 763 2813 corr.
774 2755 828 2812 Scir
897 2754 1098 2826 Primipilarib.

119 2835 183 2880 eum
202 2826 259 2880 cati
278 2843 346 2883 corr.
364 2828 445 2883 Pout.
506 2825 671 2896 tAequites
690 2825 861 2898 praetoriani
920 2826 1137 2896 4imperatoree

108 2943 124 2960 χ
155 2895 276 2951 clatere
295 2903 353 2952 siro.
373 2915 443 2954 corr.
463 2897 616 2954 Scriverius
633 2900 666 2953 io
682 2899 806 2970 murptnc
824 2898 851 2952 A
924 2897 1085 2968 apoterint

120 2974 135 3023 7
150 2967 192 3021 ita
209 2967 251 3021 sic
269 2968 302 3022 nt
320 2969 422 3024 corat)
472 2976 488 3024 9
503 2967 586 3024 vinos
600 2979 710 3039 aequos
744 2975 777 3024 10
791 2967 988 3038 virorumquae
1003 2985 1072 3025 corr.
1082 2969 1138 3025 Set

155 3044 187 3095 11
203 3037 338 3108 aequitib.
407 3039 560 3094 semitricis
633 3046 667 3094 12
686 3038 861 3094 aesitandum
932 3038 1015 3094 lateri
1040 3042 1137 3095 vestro

119 3126 187 3166 corr.
199 3110 234 3167 L.
286 3114 319 3165 18
334 3107 531 3179 adsignaretur
603 3111 703 3166 cohors
716 3110 874 3181 praetoriae
891 3109 1005 3180 inpares
1019 3112 1137 3181 accepto

117 3179 205 3234 fuerit
254 3187 288 3236 15
301 3180 394 3250 levaq.
449 3181 625 3237 centuriones
641 3181 785 3252 aparibus
824 3189 857 3237 16
867 3180 994 3249 aequites
1032 3187 1066 3236 1⁷
1081 3181 1136 3236 sin·

118 3249 225 3320 galeris
244 3253 338 3307 autern
357 3267 380 3308 c.
399 3252 507 3309 comi}
568 3259 602 3310 18
617 3252 751 3324 sintegris
816 3258 849 3308 19
865 3252 902 3307 ad
919 3268 971 3306 nos
990 3269 1058 3308 corr.
1073 3252 1100 3307 L

117 3324 150 3377 ut
169 3321 258 3391 striga
276 3323 378 3379 σοφώ
435 3328 470 3379 20
485 3324 529 3378 est
547 3322 670 3379 sufficiat
688 3324 793 3381 curali
855 3330 888 3378 21
904 3322 988 3377 Illum
1061 3322 1135 3378 latus

117 3411 145 3464 p.
165 3391 183 3448 l.
203 3393 293 3446 actori
312 3393 445 3450 candet
517 3399 551 3448 28
569 3393 655 3464 primi
674 3393 788 3450 ilarium
806 3393 930 3449 actoriae
993 3399 1029 3448 Μ
1047 3393 1137 3449 latere

116 3461 251 3534 praeterii
324 3470 357 3520 26
377 3464 488 3520 adtinet
560 3467 590 3520 at
608 3463 651 3519 GC
