2486 3948
477 195 695 254 susurrum.
1074 202 1098 266 5

60 359 223 444 proxime
247 357 289 424 ab
314 357 417 424 altera
440 357 646 442 exprimatur.
679 359 794 444 Itaque
812 382 907 428 ausus
927 384 999 428 sum
1018 364 1096 430 scri-

63 450 154 513 bere
177 447 426 531 coniunctaque
450 447 550 513 verbo
573 469 706 532 prorsus
726 449 827 515 simili
844 450 969 518 ratione
992 452 1098 518 utitur

61 535 228 622 Hyginus
257 557 283 601 c.
307 535 349 600 39
379 533 431 600 ‘ad
455 557 549 602 suum
576 536 712 622 quisque
744 559 915 604 numerum
942 541 1098 608 coninnet'

1 704 2 708 Ἰ
60 627 253 692 convenient
282 627 315 690 et
338 644 363 689 o.
382 624 436 690 49.
481 623 627 692 Litterae
654 629 764 692 autem
787 627 823 692 in
843 627 1020 694 Arceriano
1045 651 1098 695 ex·

42 710 203 780 ‘stantes
240 734 308 779 non
343 712 529 797 infringunt
564 734 671 780 meam
708 717 949 782 correctionem.
1002 715 1097 784 Duae

62 804 202 889 priores
226 801 371 886 syllabae
393 803 507 868 conlnn
525 803 671 887 proxime
690 805 845 870 accedunt
863 805 905 870 ad
927 805 1009 872 illud
1026 827 1098 872 cnon

62 913 144 974 eon,
179 894 215 955 et
234 911 316 973 prae
343 911 382 955 ex
405 890 446 955 cti
472 890 551 956 oriri
578 891 724 976 potuisse
751 894 909 977 probabo.
953 894 1097 980 Praepo-

65 981 231 1046 sitionem
248 999 328 1061 prae
346 978 536 1063 saepissime
554 979 589 1044 in
606 981 772 1046 codicibus
789 1002 848 1065 per
868 984 1097 1068 compendium

66 1070 236 1152 scriptam
264 1067 421 1150 invenies,
454 1089 481 1134 e.
503 1088 534 1154 g.
556 1069 591 1133 in
614 1069 683 1134 cod
706 1068 853 1135 Gudiano
876 1071 1096 1139 bibliothecae

66 1157 351 1241 Guelferbytanae
376 1155 440 1222 105
463 1157 499 1222 in
520 1157 604 1222 libro
628 1156 753 1244 Hygini
776 1151 815 1224 de
838 1159 997 1226 limitibus
1021 1182 1095 1226 con-

68 1245 253 1312 stituendis
272 1245 430 1330 scriptum
449 1249 500 1311 est
513 1243 559 1332 (p.
572 1246 636 1311 170
649 1245 838 1314 Lachmann
856 1249 1098 1336 agrimensores

68 1332 219 1420 romani)
238 1334 408 1417 confitendi
426 1356 486 1417 pro
505 1335 735 1418 conprucleendi,
754 1337 841 1421 quod
852 1336 1043 1404 Lachmann
1061 1338 1098 1404 in

69 1424 237 1490 varietate
261 1422 438 1488 lectionum
462 1423 583 1506 omisit,
605 1444 666 1508 ego
688 1429 797 1490 autem
821 1424 949 1490 affirmo
972 1426 1021 1490 ita
1043 1448 1096 1492 ex·

71 1516 175 1596 stare,
197 1512 254 1595 qui
275 1511 345 1595 ipse
368 1511 514 1578 viderim.
565 1510 668 1577 Porro
691 1513 724 1576 in
749 1512 818 1578 cod.
841 1510 867 1578 Ο
891 1513 968 1578 libri
990 1516 1098 1580 nostri

72 1602 128 1668 ‘de
157 1600 394 1666 munitionibus
422 1599 621 1666 castrorum'
649 1621 677 1666 c.
698 1601 742 1666 23
765 1601 944 1686 p'tonltqlue
970 1599 1097 1689 (Lange

72 1687 156 1776 om.)
181 1689 339 1773 scriptum
363 1690 420 1752 est
467 1687 539 1753 Iam
563 1689 710 1774 suspicor
733 1689 904 1756 librarium
926 1689 1098 1758 Arceriani

66 1780 109 1863 pl-
132 1799 192 1862 pro
216 1777 345 1862 syllaba
367 1777 408 1842 cti
430 1776 563 1862 legisse,
591 1799 689 1863 quam
711 1778 746 1844 in
769 1780 948 1864 archetypo
972 1781 1098 1846 invenit
1166 1801 1168 1806 ·

73 1873 110 1934 et
134 1865 362 1951 compendium
385 1865 465 1931 satis
488 1871 603 1934 notum
626 1868 662 1931 in
677 1888 758 1950 proc
781 1868 926 1933 solvisse.

167 1954 359 2039 adplenum
386 1954 532 2037 legionen
558 1960 603 2020 est
629 1953 839 2037 computata*
869 1975 907 2019 en
930 1955 1039 2038 qulbus
1060 1958 1098 2023 in

73 2045 194 2128 capillis
216 2043 361 2110 nonrmlli
383 2045 492 2124 nunt]
530 2041 641 2127 Lange
664 2064 695 2125 p.
720 2043 784 2108 110
811 2043 979 2108 inventum
1003 2067 1099 2113 suum

75 2135 113 2198 in
131 2132 248 2216 nlyile'ls
262 2132 352 2198 XVI
368 2135 459 2198 nnnt
479 2131 603 2197 frustra
621 2131 773 2197 defendit.
803 2129 1014 2218 Computavit
1037 2133 1097 2200 ita:

77 2221 249 2306 octoginta
272 2220 432 2286 militibus
459 2223 590 2286 constat
613 2221 772 2304 centuria,
805 2221 862 2288 sed
890 2221 995 2288 tendit
1023 2225 1097 2288 octo

75 2313 208 2375 tantum
230 2309 423 2395 papiliones,
451 2331 589 2394 quorum
611 2331 694 2376 unus
718 2311 855 2395 quisque
879 2313 952 2376 octo
976 2310 1098 2376 milites

76 2399 176 2484 tegit,
195 2418 273 2483 ergo
291 2396 371 2462 XVI
394 2397 515 2463 milites
534 2398 654 2482 reliqui
673 2398 707 2463 in
726 2400 869 2465 excubiis
889 2402 992 2464 erunt.
1020 2399 1098 2464 Per·

76 2488 192 2571 spiaua
215 2491 265 2552 est
287 2487 350 2552 viri
372 2487 542 2551 temeritas
562 2489 595 2550 et
613 2487 806 2550 militarium
827 2509 937 2551 rerum
955 2487 1098 2554 inscitia.

38 2573 43 2580 ’
77 2575 160 2652 Quis
185 2575 271 2640 enim
295 2574 446 2660 quintam
472 2577 599 2658 partem
623 2574 787 2638 centuriae
809 2574 845 2638 in
867 2573 998 2658 vigilias
1022 2576 1099 2639 mit·

76 2665 150 2731 tat?
188 2663 311 2729 Tamen
338 2665 452 2728 nostro
483 2661 555 2727 loco
589 2661 769 2746 simplicem
796 2661 985 2746 vigiliarum
1013 2663 1099 2727 ordi·

77 2774 155 2818 nem
178 2752 294 2818 habes:
317 2752 393 2837 quid
416 2751 483 2835 fiet,
506 2771 578 2816 oum
601 2750 780 2836 imperator
795 2773 841 2816 -ex
859 2749 985 2837 Hygini
1006 2761 1099 2836 prae·

78 2846 174 2926 cepto
198 2863 225 2907 c.
238 2840 281 2906 52
302 2839 478 2906 ‘armorum
496 2839 664 2905 ordinibus
678 2839 745 2904 IIII
762 2843 871 2906 castra
889 2839 1099 2906 muniverit’?

6 2963 8 2968 ·
78 2928 204 3014 Scripsi
230 2930 375 2996 nonnulli
405 2950 466 3013 pro
498 2928 644 2994 codicum
670 2929 815 3013 singulus,
852 2929 938 3013 quod
968 2929 1098 2994 infinito

78 3019 272 3103 pronomine
303 3017 463 3083 numerali
494 3018 589 3084 nobis
622 3039 704 3100 opus
738 3021 800 3103 est,
835 3040 913 3083 nam
940 3016 979 3081 de
1007 3021 1098 3082 certo

78 3129 215 3173 numero
242 3107 385 3188 militum
412 3128 429 3171 e
452 3106 598 3171 centuria
626 3105 667 3170 ad
695 3107 845 3174 excubias
873 3106 1098 3190 delegatorum

79 3196 165 3262 nihil
183 3196 278 3262 nobis
297 3197 435 3278 constat,
448 3198 618 3278 praeterea
635 3196 780 3261 nonnulli
798 3196 982 3261 litterarum
999 3194 1100 3261 ductu

80 3283 334 3350 commendatur.
353 3319 397 3330 ·-
414 3282 485 3348 Iam
507 3283 609 3367 vides,
632 3305 689 3348 cur
702 3281 812 3370 Lange
831 3282 1013 3365 adplenum
1031 3305 1098 3350 cen·

81 3373 199 3440 lurion
222 3371 404 3439 coniecerit.
450 3370 534 3438 Toto
557 3371 664 3455 capite
693 3371 731 3437 de
755 3371 901 3439 centuria
929 3372 983 3457 agi
1006 3377 1100 3457 puta·

81 3461 146 3528 bat.
180 3459 241 3526 Sed
260 3461 355 3546 falso,
377 3482 453 3528 nam
476 3460 514 3526 de
533 3460 637 3546 striga
656 3461 795 3545 scriptor
815 3461 972 3547 exposuit,
994 3462 1100 3546 prius-
