2486 3948
164 240 206 308 14
562 241 780 300 PRAEFATIO.

164 405 312 489 sequitur
335 425 374 469 er
397 405 455 488 eis,
478 427 560 489 quae
585 426 683 488 supra
706 405 923 488 exposuimus.
964 405 1105 474 Prorsus
1132 429 1192 474 oo·
1230 443 1231 446 ¹

167 494 240 559 dem
265 493 360 559 modo
385 491 438 581 (cf.
462 515 488 560 e.
510 492 564 580 16)
588 493 641 558 ala
663 493 805 562 miliaria
827 493 956 558 XXIIII
977 498 1105 561 tiermes
1130 495 1193 560 ha·
1229 553 1231 582 ÷

164 583 234 668 bet,
268 583 484 667 quingenario
510 581 598 648 XVI.
643 580 811 668 Apparet„
834 582 1004 668 Hyginum
1027 604 1052 649 c.
1072 584 1094 648 3
1118 607 1191 650 non

164 676 314 738 accurate
344 673 452 736 dicere
485 670 612 736 ‘cohors
645 671 768 754 prim'a.
784 705 826 720 »-
861 672 1015 756 quoniam
1047 673 1189 757 duplum

163 782 334 826 numerum
356 761 458 825 habet
485 759 616 843 duplam
644 760 837 842 pedaturam
864 759 1024 843 accipiet'.
1071 759 1189 846 Spero,
1229 809 1231 864 4

163 871 214 912 me
246 848 365 933 Langii
393 870 534 914 errorem
562 848 735 932 detexisse,
768 870 831 933 quo
856 849 986 914 sublato
1008 871 1187 916 numerum
1229 915 1231 920 .

157 938 333 1022 ,copiarum
352 938 387 1002 in
404 940 616 1022 Praetentura
633 937 837 1004 tendentium
852 937 949 1004 VIIII
967 938 1058 1004 milia
1079 939 1188 1004 effeci·

162 1049 244 1111 mus,
268 1030 398 1092 servata
412 1026 580 1092 Arceriani
600 1026 759 1110 scriptura
778 1023 1070 1094 bonohomine·
1094 1049 1185 1094 com·
1229 1019 1231 1028 ’

162 1116 360 1201 putantur'.‘·

253 1225 278 1268 c.
298 1204 351 1270 50.
382 1205 428 1272 Et
449 1204 546 1270 lorice
562 1217 666 1286 pauno
687 1204 732 1285 fit.
767 1203 919 1271 simliter
936 1209 1007 1269 unte
1022 1209 1131 1289 poetes
1147 1211 1187 1270 at

124 1354 127 1360 .
163 1293 301 1372 titulum,
328 1297 373 1358 est
392 1292 480 1374 fossa
502 1293 546 1357 ad
569 1291 701 1373 animm]
730 1291 842 1378 lange
871 1293 1003 1377 scripsit
1026 1291 1072 1374 ‘fit
1089 1295 1184 1358 siua-

164 1381 233 1447 lc'ter
255 1387 326 1448 aab
343 1387 453 1464 portus
475 1381 519 1446 aa
540 1381 678 1464 titulum,
699 1390 735 1444 ut
755 1382 799 1446 ad
817 1382 936 1462 fossam
957 1382 1083 1448 callum.
1118 1379 1183 1447 Sed

164 1471 275 1536 omisit
301 1471 398 1536 nobis
426 1470 569 1536 indicare
600 1469 721 1555 locum,
754 1491 817 1554 quo
847 1470 949 1536 lorica
980 1470 1185 1556 significaret

163 1559 286 1624 vallum
310 1559 426 1644 ipsum.
472 1558 555 1626 Tum
582 1558 765 1625 inauditum
787 1559 980 1626 munitionis
1004 1579 1107 1644 genus
1130 1582 1183 1624 ex-

164 1647 338 1732 cogitavit,
366 1649 476 1731 titulo,
504 1669 586 1732 quae
611 1645 666 1734 (cf.
688 1648 731 1714 49
756 1646 818 1734 eu.)
847 1648 936 1712 fossa
958 1669 1017 1730 per
1037 1649 1184 1714 latitudi·
1229 1647 1231 1680 ³

163 1758 238 1800 nem
260 1740 429 1820 portarum
452 1736 550 1802 ducta
571 1740 636 1819 est,
662 1737 787 1802 vallum
811 1741 844 1801 et
867 1735 1053 1802 defensores
1076 1738 1183 1802 iniun-

163 1845 252 1910 gens.
298 1824 443 1891 Titulunr
472 1824 544 1890 ideo
576 1825 751 1890 instruitur
781 1828 815 1890 et
846 1825 1018 1908 sexaginta
1050 1826 1181 1910 quidem

163 1915 261 1998 pedes
286 1919 361 1980 ante
383 1917 526 1998 portam,
549 1916 587 1976 ut
609 1913 715 1978 aditus
740 1913 781 1978 ad
803 1916 933 1996 portam
951 1913 1102 1980 hostibus
1123 1915 1183 1980 dif-

167 2004 285 2070 fieilior
313 2003 369 2083 sit,
397 2003 484 2068 vallo
509 2007 542 2066 et
564 2001 788 2068 defensoribus
816 2023 883 2068 non
906 2023 989 2086 opus
1013 2006 1075 2086 est,
1103 2025 1181 2087 quo·

166 2092 256 2156 niam
278 2093 346 2156 tela
370 2113 389 2156 a
410 2092 499 2158 vallo
524 2091 564 2156 ad
577 2091 722 2156 titulum
745 2091 841 2157 facile
865 2090 1047 2175 adiguntur.
1090 2090 1182 2167 Quod

164 2201 225 2244 nos
248 2180 385 2244 dicimus
410 2179 511 2244 ‘Fert'
535 2180 588 2244 vel
611 2179 695 2264 quod
719 2180 760 2245 ad
781 2180 929 2245 homines
952 2180 1093 2263 pertinet
1117 2179 1180 2246 ‘de-

165 2268 321 2334 tachirter
349 2266 482 2332 Postcn'
515 2268 703 2351 antiquitati
734 2267 884 2353 ignotum
907 2267 971 2332 fuit
994 2268 1033 2332 cf.
1052 2267 1181 2334 Vitruv.

167 2356 252 2441 1,15
272 2355 474 2422 ‘collocanda
492 2359 601 2420 autern
621 2355 741 2440 oppida
764 2361 840 2422 sunt
857 2378 924 2423 non
943 2357 1101 2440 quadrata
1123 2379 1181 2422 nee
1229 2413 1230 2416 ,

163 2444 429 2530 procurrentibus
454 2444 583 2530 angulis
608 2443 687 2511 ...'.

254 2556 280 2599 c.
298 2533 350 2600 51.
379 2553 474 2616 acque
497 2535 598 2618 lupide
619 2534 725 2600 mobili
741 2534 807 2600 nisi
828 2533 1044 2618 confruqosum
1063 2535 1178 2599 uallum

66 2681 68 2684 .
163 2625 267 2690 caturci
281 2623 400 2707 potest]
433 2623 604 2688 Arceriani
631 2625 785 2706 mpiosum
814 2624 850 2688 in
878 2622 1092 2706 confrequentat
1113 2644 1178 2688 mu·

162 2714 245 2796 tari,
277 2735 391 2778 sensus
420 2713 506 2777 enirn
539 2713 677 2796 requirit
709 2712 901 2777 adiectivum
935 2711 1080 2796 aliquod,
1115 2732 1177 2794 quo

163 2801 243 2866 valli
279 2801 429 2867 soliditas
465 2801 519 2866 vel
555 2801 714 2865 tenacitas
751 2800 962 2883 vituperetur.
1016 2799 1066 2864 De
1103 2821 1178 2864 voce

164 2888 400 2973 ‘confragosus’
424 2891 495 2973 ipsa
517 2889 558 2954 cf.
573 2887 753 2956 Columella
775 2889 805 2972 2,
819 2889 884 2973 2,8
909 2889 1084 2973 ‘lapidibus
1105 2909 1177 2954 eon·

163 2976 328 3062 fragosus'
359 2981 392 3042 et
414 2977 603 3044 Lachmann
631 2977 869 3064 agrimensores
897 2977 1046 3045 Romani.
1093 2975 1177 3042 Satis

164 3067 244 3133 trita
261 3089 325 3132 vox
340 3065 425 3149 apud
444 3067 680 3151 agrimensores
699 3066 804 3132 fuisso
815 3065 951 3150 ridetur,
971 3070 1057 3132 certe
1075 3065 1176 3130 tribus

65 3223 67 3228 ,
163 3157 245 3221 loeis
268 3156 303 3220 in
326 3155 466 3220 editione
488 3154 754 3223 Lachmanniana
776 3155 901 3240 inveni,
924 3178 954 3240 p.
969 3157 1013 3220 24
1035 3153 1177 3219 Frontin.

164 3244 220 3309 lib.
238 3244 256 3308 I
278 3243 484 3330 ‘confiagosa
507 3244 580 3310 loca
603 3267 666 3329 qua
684 3245 747 3309 iter
765 3243 835 3308 fieri
853 3266 921 3310 non
939 3241 1070 3328 potest',
1092 3265 1120 3326 p.
1134 3242 1176 3306 32

165 3330 443 3419 ‘confragosorum
458 3332 603 3398 locorum
615 3332 867 3418 iniquitatibus,
880 3334 962 3418 pbss
973 3332 1057 3398 ‘loco
1067 3351 1176 3415 aspera

164 3425 198 3486 et
217 3421 411 3507 confragosa
430 3421 515 3487 saxis
533 3419 698 3509 (Hyginus
717 3422 757 3487 de
775 3422 906 3488 limitib.
920 3417 1175 3505 constituendis).
1230 3483 1231 3486 ,

254 3532 279 3576 c.
298 3510 350 3576 55.
382 3533 419 3576 ca
440 3531 473 3576 ec
494 3511 606 3592 audio]
631 3511 680 3576 ita
702 3511 839 3594 correxi,
861 3511 947 3576 hunc
970 3511 1078 3576 locum
1099 3507 1173 3572 refe·
